2834 4659
394 384 592 451 crusque
626 379 895 437 rnaomenrrs.
976 392 1026 407 ·’
1131 369 1173 453 ir

143 490 264 562 Rursus
275 492 282 521 '
299 488 374 561 :Ab
383 492 504 559 Iriltni
515 489 810 589 angustiisHeilas
821 494 950 584 incipit,
963 494 1079 559 nostris
1094 492 1181 561 Gra·

146 602 190 665 cia
205 594 378 689 appellata,
394 597 436 664 In
449 610 487 663 ra
493 600 604 689 prima
616 597 727 666 Attica
741 603 803 663 dre.
817 592 868 663 lta
880 594 983 661 etiarn
995 591 1179 663 Helladem

145 690 1181 792 ameridieisthmoPeloponnesiclauditPtolemaeus².A'deo

146 803 297 871 nimirum
315 824 429 893 usque
443 804 487 871 ad
506 826 580 872 sera
602 820 759 893 tempora
777 801 958 869 descendit
973 796 1181 895 significatio

145 892 273 979 ‘mine
284 896 361 998 quie
373 902 660 998 Peloponnesum
677 904 832 974 exclusit.
853 900 896 971 Et
914 920 1029 971 tamen
1051 903 1100 971 illi
1116 903 1181 995 ipsi

145 1008 262 1079 limites
276 1032 295 1079 a
312 1008 512 1079 Dicaearcho
528 1010 633 1102 positi
649 1008 773 1077 multas
788 1006 1110 1099 complectebantur
1127 1029 1183 1073 ur-

100 1185 104 1191 ,
147 1111 201 1179 hes
215 1136 286 1181 non
302 1112 489 1207 indigenas
505 1134 653 1208 graecas,
676 1112 737 1182 sed
753 1113 995 1183 tantummodo
1012 1111 1180 1179 colonias.

148 1213 186 1283 Et
201 1214 475 1312 coloniae.graecae
493 1238 574 1285 curn
593 1215 808 1295 Heraclidis,
837 1216 905 1304 jam
929 1216 988 1285 dlu
1004 1232 1084 1285 ante
1099 1232 1184 1283 tem-

147 1341 223 1411 pora
240 1318 447 1402 Dioeaschi,
476 1336 582 1388 totam
604 1335 862 1412 occupaverant
883 1316 1182 1411 Peloponnesum.

148 1419 201 1500 Est
213 1422 299 1491 forte
312 1445 375 1491 cur
389 1424 573 1503 miremur,
588 1422 719 1491 tamdiu
735 1421 930 1493 obtinuisse
941 1438 1071 1491 arctum
1085 1422 1183 1489 illum

148 1526 231 1594 vocis
242 1549 355 1605 usum.
373 1524 431 1595 De
447 1524 537 1595 facto
551 1542 667 1596 tamen
682 1526 729 1595 ita
745 1549 817 1595 rem
835 1524 942 1597 fuisse
961 1522 1181 1617 manifestum

149 1646 202 1697 est
217 1628 345 1710 Nostro
360 1646 483 1699 autem
503 1630 661 1699 instituto
682 1628 821 1707 abunde
844 1623 996 1710 sufficit,
1027 1630 1123 1720 quod
1140 1628 1187 1699 ita

151 1734 182 1809 s'e
200 1756 250 1810 res
270 1732 453 1812 habuerit,
486 1722 605 1820 saltem
637 1750 738 1802 aetate
752 1732 954 1803 Dicaearchi.
979 1730 1066 1799 Inde
1090 1732 1185 1799 enim

150 1834 322 1918 evincitur,
338 1836 465 1929 scripta
477 1836 625 1906 invicem
638 1837 774 1907 diversa
785 1834 912 1918 fuisse,
933 1859 1010 1928 quac
1023 1838 1068 1905 de
1085 1860 1186 1931 argu-

148 1940 259 2009 mentis
275 1940 410 2036 egerint
425 1941 513 2009 adeo
526 1939 677 2011 invicem
693 1940 850 2009 diversis.

141 2086 165 2164 's
175 2100 216 2159 Xl.
233 2065 423 2183 Fmpmenmm
432 2104 463 2161 de
471 2124 548 2162 monte
559 2104 626 2162 Pelio
635 2108 716 2163 etiam
728 2104 883 2163 Dicaearchi
896 2064 975 2161 iniisse
989 2105 1132 2162 verisimile
1143 2122 1188 2164 est.
1257 2096 1259 2103 ’

192 2239 347 2332 Transeo
360 2247 429 2333 jam
443 2247 487 2316 ad
499 2244 734 2341 fragmentum
747 2245 909 2323 ultimum
919 2244 958 2313 de
968 2262 1068 2313 monte
1080 2243 1187 2321 Pelia,

151 2348 235 2435 quod
256 2370 323 2416 nos
339 2348 387 2417 cl.
402 2349 571 2419 debemus
589 2348 768 2432 Fabricio,
799 2347 873 2441 ipse
899 2364 1015 2429 autem
1037 2358 1199 2443 apogra³

152 2448 213 2538 pho
226 2446 402 2521 Gudiano.
419 2451 563 2523 Utinam
575 2468 750 2523 constaret
764 2474 837 2544 quo
854 2453 930 2541 juce
942 2449 1189 2527 illud-Dicaear-

151 2550 207 2619 cho
229 2553 471 2649 inscripserint
500 2556 564 2625 viri
585 2556 722 2627 eruditi.
748 2554 910 2627 Auctoris
937 2577 1067 2624 nomen
1087 2554 1124 2623 in
1147 2554 1189 2623 ti·

32 2697 33 2735 ,
149 2654 212 2725 tulo
232 2681 348 2755 gracco
370 2658 574 2730 occurrebat
591 2661 696 2754 plane
716 2658 867 2729 nullum.
892 2658 934 2727 Et
952 2658 1088 2729 nullum
1113 2681 1190 2727 esse

146 2779 385 2854 argumentum
400 2765 469 2853 jam
486 2765 706 2834 ostendimus
717 2765 812 2856 quod
824 2786 867 2833 ex
880 2764 986 2855 opere
999 2760 1190 2831 Dicaearchi

29 2906 31 2925 r
146 2862 333 2961 colligitur,
344 2869 390 2935 de
405 2867 596 2951 montibus,
615 2886 655 2937 ut
666 2868 923 2949 existimabant,
937 2865 1187 2958 Peloponnesi.

145 2962 301 3051 Maxime
314 2970 384 3041 hnc
398 3002 401 3006 ·
413 2988 568 3065 spectare
578 2971 759 3041 -videbitur
772 3021 781 3052 ,
813 2972 910 3064 quod
934 2970 971 3038 in
985 2971 1101 3059 huius
1125 2968 1192 3038 fra·

146 3072 275 3164 gmenti
296 3071 368 3143 fine
388 3076 570 3145 transitum
595 3076 744 3172 legimus
770 3077 812 3145 ad
834 3074 937 3145 verba
963 3075 1007 3143 de
1025 3073 1191 3143 limitibus
1307 3128 1309 3137 ,

144 3168 278 3245 Graeciae
289 3202 326 3270 p.
338 3198 388 3245 20
406 3180 509 3268 hujus
530 3178 692 3249 editionis
712 3178 944 3257 occurrentia,
958 3200 1036 3269 quae
1047 3176 1192 3245 Dicaear-

144 3276 194 3344 chi
216 3303 312 3361 esse,
334 3298 369 3349 et
389 3306 410 3351 e
432 3282 526 3352 libris
549 3282 640 3354 illius
665 3283 793 3353 devita
818 3280 955 3356 Graeciae
973 3271 1096 3373 petila,
1122 3284 1190 3371 jam

143 3384 363 3475 agnovimus.
378 3386 427 3453 Hi
446 3403 515 3455 tam
530 3386 655 3456 diversi
668 3386 852 3457 verborum
870 3386 1062 3454 eorundem
1081 3388 1192 3453 nexus
1280 3408 1283 3415 ·

143 3504 377 3579 excerptorem
399 3508 555 3587 arguunt
568 3491 681 3570 ,alium
711 3508 816 3581 atque
847 3488 968 3571 alium,
998 3488 1058 3579 qui
1086 3488 1193 3557 verba

143 3583 329 3661 Dicaearchi
359 3595 630 3687 transposuerit,
659 3618 725 3687 pro
749 3617 815 3663 suo
842 3609 989 3683 uterque
1014 3592 1191 3661 arbitratu.

143 3686 224 3759 Non
237 3716 293 3763 me
306 3697 451 3788 quidem
464 3695 554 3795 fugit
568 3698 604 3767 in
618 3698 787 3791 excerptis
801 3694 1024 3767 Constantini
1038 3694 1194 3786 Porphyp
1228 3771 1231 3779 Α

143 3801 324 3891 rogenneti
340 3802 527 3871 memorari
539 3800 747 3894 plerumque
765 3800 901 3881 titulum
922 3823 995 3891 quo
1011 3799 1193 3890 quaerenda
1222 3862 1224 3867 ,

33 3959 36 3992 r
180 3928 302 3998 ¹Lib.1v,
314 3938 373 4013 cap.
385 3956 414 4012 7.
435 3969 473 3980 ——
493 3935 625 3995 'Ptolem
638 3936 728 4014 θεοῖν.
742 3936 790 3993 lib.
802 3950 914 4011 111,cap.
927 3955 935 3987 ι
944 3952 969 4006 5.
