2834 4659
417 396 592 458 stusous
621 392 891 447 rotonensis.
1138 381 1183 471 43

42 489 43 550 Ᾰ
148 501 279 593 posit'um
304 522 531 597 repeteretur.
558 502 602 569 Et
625 502 835 593 nequidem
859 520 898 568 ut
923 503 1038 593 operis
1064 487 1182 571 titulus

148 604 388 703 prefigeretur,
415 606 446 676 si
467 607 523 675 alii
545 607 652 674 secuti
671 602 817 673 fuissent
839 605 876 670 in
901 607 1073 675 montium
1093 603 1182 673 ’Are-

148 708 234 802 wll
253 728 331 803 post
345 710 470 779 Pelion
488 728 643 790 montes,
661 723 685 777 a‘
699 728 851 799 quorum
872 709 997 777 ultimo
1021 728 1183 777 secutura

148 812 259 881 fuerint
275 813 474 911 fragmenta
493 816 539 883 de
549 814 623 913 yita
644 810 802 892 Graeciae,
825 828 956 879 etcum
976 811 1182 907 fragmentis

150 915 218 1007 ipsis
231 918 351 987 titulus
368 920 486 1011 operis
503 920 599 986 tmde
617 916 747 984 fuerint
759 917 951 1008 depromta.
969 914 1105 983 ‘Melius
1123 940 1182 983 au-

150 1036 219 1103 tem,
230 1042 291 1113 pro
302 1019 476 1090 sententia
489 1019 597 1114 ipsius
610 1040 756 1112 quoque
767 1018 969 1105 Dicaearchi,
986 1018 1182 1115 fragmenta

150 1125 249 1214 operis
261 1128 308 1193 de
324 1128 392 1194 vita
407 1123 550 1195 Graecia:
560 1122 603 1193 ab
618 1126 693 1216 ipsa
711 1120 859 1191 Hellade
877 1119 964 1191 inire
982 1124 1181 1215 oportebat,

150 1246 256 1316 quam,
273 1247 312 1297 ut
330 1230 368 1297 in
381 1230 556 1323 prioribus
573 1228 791 1324 fragmentis,
806 1226 851 1294 ab
863 1226 950 1295 urbe
964 1228 1181 1295 Atheniensi.

149 1327 206 1397 Vir
228 1329 319 1399 enim
345 1351 396 1401 est
422 1354 486 1401 cur
504 1332 706 1401 dubitemus
727 1330 815 1421 quin
836 1326 1002 1401 aGraecia
1025 1331 1181 1423 inceptu·

150 1457 196 1499 rus
223 1433 320 1505 fuerit
349 1436 424 1529 ipse
441 1436 687 1517 Dicaearchus,
717 1453 788 1503 tum
811 1434 938 1502 deinde
959 1437 1003 1501 ad
1024 1435 1182 1529 singulas
1237 1496 1240 1503 .

84 1565 88 1574 ’
150 1532 271 1605 Graeciae
291 1539 396 1609 urbes
417 1541 665 1614 descensurus,
683 1540 720 1605 in
740 1537 865 1628 quibus
885 1537 1001 1605 locum
1026 1537 1183 1606 habuerit

149 1640 218 1707 urbs
228 1640 299 1733 ipsa
309 1640 553 1723 Atheniensis,
572 1638 663 1710 forte
682 1640 896 1734 primarium.
911 1641 970 1710 Est
983 1662 1067 1737 ergo
1086 1658 1184 1711 vetu-

152 1744 233 1827 stior,
251 1764 286 1813 ut
302 1746 480 1829 existimo,
496 1744 678 1839 dispositio
695 1742 753 1813 illa
768 1740 955 1840 fragmenti
973 1744 1181 1826 Fabriciani,

149 1868 208 1936 qua
226 1866 382 1919 montem
409 1850 534 1920 Pelion
564 1849 723 1941 proxime
749 1866 963 1941 exceperunt
989 1848 1183 1945 fragmenta

150 1950 186 2017 de
203 1948 327 2022 Graecia
347 1955 384 2021 in
405 1954 629 2032 universum,
648 1976 754 2044 quam
771 1952 815 2020 sit
830 1952 888 2023 illa
906 1952 1182 2049 fragmentorum

150 2053 286 2143 priorum
303 2056 436 2149 quibus
445 2053 568 2127 ultimo
582 2058 662 2141 loco
679 2056 864 2152 leguntur,
887 2076 966 2150 post
982 2058 1086 2135 urbes
1108 2059 1185 2125 atti·

149 2178 198 2223 cas
211 2176 243 2227 et
261 2160 428 2238 boeoticas
447 2184 523 2253 quar
543 2162 654 2253 primo
673 2178 759 2230 ante
776 2160 883 2247 urbes
899 2184 1022 2232 omnes
1040 2162 1120 2229 loco
1139 2162 1183 2228 de

150 2258 279 2333 Hellade
294 2264 370 2357 ipsa
385 2257 531 2357 ejusque
547 2265 704 2333 terminis
721 2264 927 2351 disseruerat
942 2264 1017 2355 ipse
1037 2264 1183 2333 Dicaear·

152 2362 233 2436 chus.
245 2366 351 2439 Certe
371 2366 484 2439 velex
499 2370 577 2461 ipsa
589 2368 681 2440 illius
699 2369 840 2457 metrica
855 2368 992 2437 urbium
1002 2363 1181 2459 ’erumpi
1198 2400 1200 2407 ·

153 2488 320 2555 constat„a
339 2496 390 2541 vs.
416 2496 456 2563 31
487 2472 642 2565 incipere
668 2474 809 2564 quade
827 2471 993 2558 Helladis
1017 2470 1186 2540 universae

40 2573 41 2576 ’
151 2566 294 2645 linitibus
315 2576 454 2657 tradidit
471 2573 509 2645 in
530 2578 597 2645 hoc
612 2568 718 2668 opere
739 2574 981 2659 Dicaearchus,
1003 2592 1037 2642 et
1061 2575 1104 2645 ab
1128 2590 1188 2641 ur-¹

149 2670 235 2748 bibus
251 2678 410 2753 Helladis
422 2679 749 2767 occidentalioribus
762 2681 932 2767 orientem
950 2702 1070 2765 uersus
1085 2678 1183 2751 illum

147 2772 237 2856 fitlsse
244 2807 484 2880 progressum.
498 2782 574 2853 Cur
585 2784 705 2876 itaque
717 2783 916 2855 dubitemus
930 2784 1018 2875 quin
1029 2784 1066 2851 in
1078 2806 1185 2875 opere

148 2880 186 2948 do
201 2886 265 2955 vita
285 2884 434 2957 Graeciae:
445 2890 606 2981 prosaico
630 2888 738 2961 fuerit
758 2888 914 2959 similiter
936 2894 1184 2981 processurus!

148 2979 204 3055 Sed
223 2990 341 3061 mutila
359 2994 552 3062 admodum
568 2991 755 3069 hahemus
772 3016 838 3064 nec
857 2992 960 3084 primi
978 3015 1039 3059 seu
1055 2978 1184 3059 collec·¹
1242 3014 1246 3021 ·
1329 3060 1338 3088 s

149 3091 235 3177 toris,
254 3096 562 3188 seuercerptoris,
581 3096 730 3186 consilio
752 3095 1185 3203 respondentiajhodierna

149 3209 194 3259 tot
214 3196 566 3293 Dicaearcltipperum
590 3199 798 3295 fragmenta.
818 3199 928 3269 Deest
948 3200 984 3267 in
1018 3195 1181 3291 trupperti

149 3301 275 3371 metrica
294 3304 409 3378 Attica
427 3306 601 3382 uniuersa.
623 3303 764 3374 Desunt
780 3318 893 3373 autem
920 3304 967 3370 in‘
979 3300 1183 3397 fragmentis

147 3396 297 3475 librorum
319 3410 369 3491 de,
386 3406 455 3491 uita
469 3405 629 3494 Graecia,
650 3424 772 3500 praeter
789 3407 894 3475 urbes
912 3406 1082 3475 boeoticas.
1101 3402 1190 3496 pau-¹

147 3524 258 3601 casque
279 3513 427 3594 atticaS,
451 3511 591 3605 reliqua:
612 3509 752 3581 Graeciae
769 3510 872 3579 urbes
897 3510 1182 3603 peneuniv'ersae'.

40 3705 41 3712 ἵ
148 3603 279 3714 Desunt,
292 3618 333 3701 in,
354 3617 424 3683 hoc
443 3635 627 3707 postremo
644 3612 842 3711 fragmento
867 3635 1003 3685 montes
1025 3610 1184 3703 reliquia

147 3706 328 3789 chaearcho
354 3721 489 3789 emensi
514 3744 637 3789 omnes
661 3738 782 3812 praeter
803 3718 938 3787 Pelion.
966 3716 1076 3785 Deest
1101 3737 1184 3806 prae-

40 3823 41 3898 l
147 3829 223 3885 terea
231 3824 441 3906 collectoris,
457 3848 519 3892 seu
535 3823 761 3917 excerptoris,
776 3824 875 3915 siqua
889 3844 1044 3914 unquam
1059 3818 1183 3898 suerit,

40 3911 41 3926 i
145 3920 294 4011 Pfaelutio,
314 3950 395 4021 -qua
418 3929 614 3999 redditurus
635 3926 739 3997 fuerit
761 3950 872 4019 operar
893 3951 960 3994 suae
986 3921 1204 3993 consilium·
1290 4011 1294 4020 „
