2834 4659
460 327 504 379 nt
533 274 808 385 sranrrsruura.
1084 340 1124 406 55
1134 336 1151 407 3

105 424 264 572 Melanp'pn
272 472 283 502 ,
295 422 379 488 unde
392 440 511 489 summa
525 424 735 511 adaugeretur.
750 424 955 509 intelligenda
964 431 1058 511 igitur·¹
1069 436 1156 495 na‘vi·

106 516 218 601 'gatioi
244 516 253 572 i
273 528 366 573 recta.
418 536 424 552 κ

156 616 226 681 ¹73⁴
245 587 382 677 Raptim]
397 592 494 655 Hunc
508 597 608 656 sinum
621 608 692 657 euni
701 593 817 658 Lealrio
828 593 1011 659 collocarem
1023 596 1062 659 ad
1076 602 1159 662 oeci·
1229 613 1233 621 '

109 681 236 746 dentem
249 680 451 782 promontorii
466 678 624 757 cujusdam
632 727 643 757 ‚
660 697 690 743 et
700 678 741 741 ad
751 685 901 743 orientem
912 679 1156 747 hodth'lindria.

159 772 227 845 174.
256 751 314 827 Ani
332 755 536 847 Ktntnli'ptot]
556 762 634 826 Non·
654 768 796 847 exprimit
815 782 917 827 noster
932 766 1124 842 intervallum
1140 775 1170 829 a

111 852 183 911 sinu
198 850 328 911 Bernice
341 846 379 907 ad
394 844 592 911 Celenderim
600 894 610 925 ,
623 846 724 910 forsan
739 850 812 932 quia
828 848 957 912 B'ernice
972 872 1083 914 nomen
1096 870 1160 914 erat

111 938 196 995 sinus
209 935 338 1017 patenti-s
352 929 551 995 adorientem
565 941 668 1016 portus
680 931 870 997 Celenderis.
881 932 1021 1013 Laelius,
1035 934 1096 999 loc.
1106 940 1159 1000 cit.

61 1044 69 1051 ·
110 1040 180 1103 pag.
193 1034 266 1081 202.

157 1099 318 1184 unatim]
329 1099 431 1165 Primo
444 1098 604 1183 adspectu,
619 1104 671 1162 uix
684 1099 843 1166 dubitatur
852 1104 931 1187 quin·
937 1101 1096 1166 Mandane
1107 1104 1160 1167 illa

115 1184 225 1249 eadem
239 1190 278 1249 sit
294 1206 329 1247 ac
351 1184 489 1247 Melania
509 1183 666 1247 Strabonis
682 1187 735 1269 (p.
755 1184 817 1271 986
828 1188 850 1267 l.
882 1187 1043 1270 Anonymi
1058 1204 1160 1251 tamen

115 1272 217 1335 stadia
228 1282 257 1353 7
277 1267 456 1334 Mandanen
477 1268 632 1338 colloca-nt
651 1272 789 1352 proxime
814 1270 853 1333 ad
875 1274 1024 1333 orientem
1045 1271 1171 1335 Posidtt'

118 1344 225 1432 thud?
241 1355 273 1418 K
274 1354 414 1439 izliman)
427 1376 443 1430 ;1
453 1356 560 1436 reperit
578 1372 680 1415 tamen
697 1352 841 1417 Beaufort
857 1357 867 1436 (
882 1354 941 1418 loc.
958 1359 1014 1417 eit.
1055 1360 1162 1440 .2oo')

118 1444 245 1523 antiqua
262 1441 388 1519 vestigia
405 1454 420 1517 3
438 1437 571 1500 millibus
586 1455 705 1500 tantum
720 1437 760 1500 ad
775 1438 969 1501 occidentem
981 1378 1162 1504 Celenderis

120 1522 178 1605 (id
196 1541 240 1585 est
257 1525 327 1584 satis
345 1522 469 1585 ulterius
486 1521 526 1584 ad
544 1525 696 1607 anensem
722 1544 740 1585 a
758 1523 908 1584 Kizliman
921 1527 954 1606 );‘
975 1527 1018 1587 sic
1032 1524 1162 1607 dubium

118 1624 279 1669 estutrum
297 1605 477 1677 mendosum
495 1610 533 1668 sit
549 1605 742 1671 intervallum
767 1606 956 1686 Stadiasmi,
983 1631 1023 1690 an
1043 1608 1162 1674 diversa
1227 1619 1230 1624 '

117 1690 326 1769 sitMandane
337 1712 355 1752 a
365 1691 503 1753 Melania
516 1689 686 1754 Strabonis.
696 1692 837 1771 Lealtius,
853 1692 873 1757 l.
883 1716 910 1756 c.
923 1716 956 1778 p.-
966 1714 1038 1759 202.

164 1774 228 1839 Sed
241 1776 342 1859 potius
358 1796 418 1857 ego
428 1773 608 1838 Mandanen
648 1798 806 1853 uaererem,
830 1778 886 1839 ubi
901 1781 1053 1850 Arsinoen
1071 1778 1165 1843 collo-

120 1877 192 1923 cant
207 1859 335 1935 Strabo,
349 1881 416 1942 pag.
430 1858 509 1945 986,
521 1860 566 1937 B,
578 1800 728 1933 Pttllem„
741 1879 771 1924 et
787 1861 966 1945 Stephanus.
981 1863 1073 1926 Hanc
1085 1867 1164 1948 pr'ae-

121 1950 287 2008 termittere
299 1961 400 2005 noster
414 1954 475 2007 no'n
494 1949 609 2027 potuit,
622 1968 717 2027 quum
732 1948 868 2029 insuper,
880 1950 911 2008 in
927 1956 953 2021 S.
965 1965 1045 2027 293,
1058 1945 1163 2011 lauda-

120 2034 201 2091 verit
214 2022 341 2107 *Apustius
361 2025 408 2095 rit
424 2022 552 2097 Kourias.
572 2028 705 2111 Reperio
724 2029 939 2106 Manuertum,
962 2050 1084 2109 v1‚11,
1105 2034 1164 2110 84,

52 2117 55 2122 ’
121 2110 202 2175 illud
221 2111 303 2174 idem
324 2116 549 2191 conjicientem.
572 2114 686 2176 Forsan
711 2135 835 2197 quoque
859 2112 977 2199 aliquid
1001 2133 1166 2180 commune

121 2196 217 2259 habet
230 2195 295 2259 haec
310 2190 442 2262 matun
457 2219 527 2260 cum
542 2200 686 2283 Myanda
699 2196 811 2274 Plinii,
828 2215 864 2276 v,
877 2219 928 2279 27,
947 2218 976 2261 et
989 2218 1059 2261 tum
1078 2221 1165 2262 men-

123 2278 305 2361 dosonaia
315 2280 464 2363 Scylacis,
478 2304 507 2364 p.
523 2297 579 2361 301
592 2328 601 2357 ,
615 2278 682 2345 init.
691 2280 800 2365 Scylax
811 2288 893 2346 enim
907 2283 985 2345 illud
997 2288 1084 2368 ponit
1092 2307 1163 2367 pro-

122 2370 206 2428 xime
217 2366 256 2428 ad
271 2365 462 2429 occidentem
477 2365 670 2443 Celenderis,
689 2371 768 2430 sicut
780 2390 818 2431 ac
828 2367 1020 2433 'Stadiasmus
1032 2368 1164 2433 collocat

122 2448 308 2513 Mandanen
317 2472 412 2512 suam.
425 2451 581 2513 Nonnulli
592 2474 660 2513 mss.
671 2473 718 2535 ap.
727 2450 807 2514 Plin.
822 2474 877 2537 pro
893 2456 1037 2537 Myanda
1051 2452 1167 2515 habent

123 2536 307 2618 Mysanda,
327 2534 412 2619 quod
438 2534 573 2617 Scylacis
594 2534 679 2605 Mutia
689 2536 816 2600 lectioni
834 2541 957 2621 propius
975 2556 1029 2601 est.
1055 2537 1165 2615 Quum

123 2636 207 2681 recte
218 2618 328 2682 viderit
338 2620 533 2697 Mannertus,
548 2620 607 2683 loc.
618 2625 671 2685 cit.
688 2644 718 2706 p.
731 2619 786 2696 82,
804 2622 955 2685 Arsinoen
969 2622 1027 2684 sub
1039 2628 1165 2685 romana
1267 2688 1272 2691 ,

123 2722 246 2767 tautum
269 2702 386 2767 ditione
403 2708 449 2767 ita·
464 2710 568 2767 vocari
586 2709 735 2789 potuisse,
757 2704 856 2769 forsan
876 2705 1011 2784 uvarn,
1032 2725 1084 2769 aut
1109 2704 1166 2767 alt.
1210 2711 1232 2761 .'

121 2786 200 2871 quid
222 2788 339 2863 simile,
357 2793 488 2873 priscum
509 2811 621 2854 nomen
638 2788 714 2865 fuit,
739 2808 771 2853 et
791 2809 953 2875 utrumque
977 2788 1165 2855 Stadiasmus

123 2870 282 2948 adhibuit,
302 2877 432 2955 priscum
454 2873 518 2951 ibi,
538 2896 653 2937 novum
675 2883 701 2948 S.
719 2895 800 2959 292,
822 2898 859 2937 ex
880 2880 1041 2939 recentiori
1061 2898 1166 2939 manu.

121 2955 368 3019 -·¹Mandanem
378 2978 521 3039 ponerem
532 2962 617 3038 juxta
627 2958 756 3021 fluvium
780 2977 941 3023 exeuntem
957 2960 997 3024 ad
1016 2964 1170 3025 orientem·

121 3039 487 3123 prom.·vhod.Kizlt'man.

172 3144 241 3207 175.
262 3124 413 3209 naastan]
432 3126 506 3189 Hoc
521 3145 672 3210 promont.
694 3127 816 3211 Stylaci
834 3128 992 3191 laudatum
1012 3132 1023 3210 l
1034 3152 1062 3213 p.
1076 3132 1165 3213 300),

121 3206 198 3270 hod.
211 3208 324 3271 dicitur
335 3211 418 3295 Cape
426 3212 458 3273 K
461 3211 582 3296 ipliman
590 3261 601 3291 ,
621 3214 823 3275 Anemurium
836 3218 915 3276 inter
924 3232 955 3276 et
968 3214 1170 3277 Celenderim‘

121 3296 225 3354 situm.
245 3293 428 3357 Concinunt
448 3293 612 3359 Stadiasmi
631 3297 790 3362 intervalla
812 3320 882 3361 cum
894 3298 1032 3363 locorum
1049 3318 1166 3364 natura.
1232 3341 1235 3350 ι

121 3378 268 3455 Lealtius,
285 3378 344 3441 loc.
359 3383 410 3445 eit.
434 3402 462 3463 p.
478 3400 550 3443 201.
647 3374 650 3387 ¹

62 3480 68 3489 ·
133 3520 139 3529 ,
168 3462 236 3544 Ego
248 3466 347 3526 stadia
357 3489 401 3544 47
411 3470 512 3547 potius
524 3465 583 3549 legi
597 3466 734 3546 mallem,
750 3491 820 3531 nam
831 3468 1018 3553 pluraquam
1036 3488 1091 3547 107
1109 3483 1167 3529 sta·

122 3544 178 3621 dia
195 3564 296 3610 sunta
316 3549 350 3610 K
351 3547 471 3613 ilindrr'a
489 3550 537 3613 ad·
548 3551 581 3613 K
582 3552 713 3635 izlirnan.

168 3625 376 3716 Atorvnpittec]
406 3634 454 3695 Ex
479 3636 643 3699 intervallis
671 3635 839 3700 Stadiasmi·
859 3634 980 3699 videtur
1008 3635 1058 3697 hic
1080 3634 1166 3697 locus
1187 3692 1199 3702 .

123 3712 209 3776 idem
225 3737 336 3779 esseae
353 3720 482 3781 Arsinoe
496 3717 671 3797 Strabonis,
686 3720 794 3797 Plinii,
812 3720 976 3805 Stephani,
989 3719 1146 3783 Ptolemaei
1155 3726 1168 3792 ;'

121 3798 200 3861 hod.
218 3798 464 3879 Salebro-Keleai,
484 3822 537 3865 aut
554 3803 795 3887 reponendus-in
814 3825 919 3871 monte
935 3812 1020 3887 juxta
1043 3804 1167 3871 Solita·

120 3883 288 3951 Kalesi.-
298 3886 448 3967 Leukius,
458 3887 517 3952 loc.
530 3892 581 3955 cit.
600 3910 635 3971 p.
645 3908 717 3953 202.
812 3942 814 3946 .

527 4001 540 4031 s
670 4010 672 4017 ,
