2834 4659
231 297 317 399 594,
402 351 406 360 -
518 345 545 356 ‚,
572 309 907 376 suuorsrrouns

223 406 333 493 isaei,
342 409 865 498 pripsdnr‘pnorndeiendumafuerit.»
874 411 910 486 Si
923 416 1084 480 servaveris
1094 411 1265 494 duisme,

225 497 524 581 eruntpsaeoedentia
538 493 586 565 tit
595 493 729 579 Ev'pdmt
740 501 865 580 genitivi
877 501 1026 580 partitivi',
1039 497 1208 583 pendentes
1226 500 1268 562 ab

223 580 325 663 Ἰξρρῦ.
343 582 456 645 ronan
467 603 592 665 quoque
603 580 771 644 secundum
791 579 838 651 ric
853 581 1004 665 adpositio
1023 586 1080 644 erit
1096 587 1267 666 prioris.-

225 664 463 728 lhinotandnm
476 663 743 748 genusquoddam
755 665 948 728 confusionis
962 663 1044 750 apud
1052 682 1193 764 peteres,
1203 689 1268 751 quo

201 751 204 758 '
227 773 289 814 oon
309 767 391 812 caret
408 765 516 811 ructor
528 752 592 831 ipse
604 748 738 832 Prologi.
753 748 864 832 Scylax
884 772 992 834 nempe
1009 771 1077 836 pag:
1096 749 1174 824 28¹,
1189 749 1263 812 dum

226 836 360 920 Europe
382 832 452 895 litus
463 837 603 915 :sequitur
620 833 659 894 ab
675 832 837 896 occidente
854 832 893 894 ad
911 837 1062 896 orientem
1076 855 1131 916 per
1149 835 1265 916 Bospo·
1364 873 1365 876 =

226 926 312 993 ium,
332 938 387 978 nos
405 915 544 1001 perducit
558 915 597 979 ad
616 916 750 992 Hieron,
769 917 854 1002 quod
873 921 904 980 in
926 919 1000 980 Asia
1014 934 1116 980 tamen
1135 917 1264 996 insidet,

110 1000 114 1006 ’
225 1001 426 1086 atqueHiero
439 999 905 1084 relicto,praeternavigationem
919 1001 1060 1088 Thraciaej
1070 1006 1265 1086 persequitur.
1306 1065 1308 1072 ,

229 1085 282 1148 Sic
292 1087 454 1162 Arrianus,
464 1083 484 1146 i.
499 1105 544 1158 c.,
557 1085 689 1170 Europe
700 1085 773 1149 litus
782 1103 901 1150 secutus
915 1089 1069 1149 contrario
1078 1089 1200 1160 itinere,
1213 1109 1265 1148 nos

152 1232 164 1248 ν
186 1182 188 1189 “
226 1169 315 1232 ducit
325 1168 481 1244 ahinsuiis
493 1166 642 1252 Cyaneis,
656 1168 788 1252 Europae
801 1187 902 1256 aperte
918 1168 1127 1248 adjacentibus
1134 1217 1145 1248 ,
1159 1169 1199 1234 ad
1219 1169 1265 1232 fa-

227 1275 303 1332 num
317 1252 406 1327 iovis
420 1252 507 1321 Urit,
522 1251 631 1328 idest,
647 1250 689 1315 ab
703 1253 830 1340 Europa
841 1254 943 1316 subito
954 1257 987 1316 in
1003 1253 1110 1320 Asiam
1128 1255 1270 1318 transilit.

153 1380 155 1383 -
226 1337 305 1399 Mox
326 1336 474 1399 Arrianus
491 1335 573 1400 idem
591 1341 634 1398 ait
652 1337 825 1419 Daphnen,
844 1337 973 1422 Europae
993 1354 1131 1422 portum,
1153 1337 1267 1402 distare

226 1421 266 1483 ab
280 1419 427 1484 hoofono
443 1427 485 1500 4ο
496 1420 611 1497 stadiis3
624 1443 686 1506 quo
700 1425 809 1508 iterum
823 1423 863 1485 ab
880 1422 952 1485 Asia
966 1424 1001 1484 in
1013 1421 1169 1506 Europam
1182 1421 1265 1484 haud

226 1507 396 1589 praemoniti
413 1505 642 1567 transvehimur.
661 1505 783 1586 Nempe
794 1510 825 1567 in
844 1507 890 1570 his
901 1525 930 1569 et
947 1505 1188 1583 similibus,=loti
1202 1505 1267 1568 duo

194 1643 197 1648 .
226 1593 356 1674 proximi
379 1587 633 1664 confunduntur,
651 1605 687 1651 et‘
699 1589 776 1652 inde
795 1609 901 1654 auctor
923 1587 1124 1674 proficiscitur
1141 1608 1177 1652 ut
1194 1589 1265 1652 litus

173 1712 176 1717 ‹
226 1673 523 1758 quodvissoquatur,
533 1677 597 1736 sive
608 1674 703 1750 Asiae,
715 1677 781 1738 siv'e
791 1675 930 1757 Europae.
941 1673 993 1738 Sic
1009 1692 1112 1738 noster
1119 1674 1159 1737 ab
1170 1673 1266 1736 Hiero

228 1756 351 1840 (Asiae)
362 1759 530 1840 profectus,
541 1757 777 1842 descriptionem
796 1757 927 1843 Europae
942 1757 1103 1842 pollicetur
1120 1757 1267 1844 usquead

229 1841 399 1914 Herculeas
418 1839 599 1905 Columnas.
1111 1903 1115 1911 ,

262 1921 367 1991 etin
386 1923 524 1996 oditur..
537 1973 546 1988 .
561 1925 690 2009 ripensis]
709 1923 761 1988 D'e
784 1925 896 2011 quibus
914 1925 1055 2010 emphasi·
1070 1948 1134 1989 non
1155 1945 1263 1990 ¹caren-

228 2009 325 2084 tibus,
341 2009 412 2072 vide
426 2007 531 2073 'nostra
546 2033 624 2095 supr.
642 2031 672 2094 p.
688 2015 760 2094 431.
1113 2055 1117 2060 ,
1197 2052 1201 2061 ·

270 2090 407 2171 Ἐμφωνό
418 2098 486 2179 (sic)
499 2093 534 2155 di*
543 2120 569 2156 rc.
582 2123 610 2157 τ.
621 2093 780 2178 diarmait]
793 2093 875 2156 Fort.
884 2093 940 2179 leg.
950 2092 1071 2176 ipporci,
1084 2114 1182 2178 quum
1195 2113 1265 2154 mox

228 2172 441 2263 habnt-didio
460 2201 498 2242 cot
523 2179 580 2240 sub
595 2178 650 2240 fin.
668 2177 855 2261 Prologi.-
867 2178 915 2240 Ibi
937 2179 1016 2242 male
1035 2178 1160 2242 Iriartus
1179 2178 1289 2240 vertit·

229 2259 582 2343 diorps'audimmsiones,
602 2266 699 2325 immo
711 2267 755 2326 ita
768 2265 939 2326 versionem
949 2285 1034 2326 suam
1047 2265 1221 2345 componit,
1235 2275 1267 2322 ut

186 2405 190 2413 ,
229 2345 391 2409 videantur
403 2342 585 2428 mfitiops‘rerc
601 2345 801 2410 adsentiente
817 2345 983 2410 insudarunt
1002 2346 1239 2428 descriptionem
1258 2372 1266 2407 :

229 2435 415 2494 contrarium
429 2435 536 2513 potius
556 2434 600 2494 ait
622 2447 732 2494 noster.
752 2429 809 2494 -Sic
833 2451 890 2514 ego
906 2449 1026 2494 mertam
1047 2458 1056 2494 e
1081 2431 1266 2508 Patfitcr'am

228 2514 510 2615 quoqueintervailu
531 2515 571 2577 ab
589 2514 669 2581 Asia
689 2516 721 2577 in
740 2515 910 2602 Europum,
926 2533 1083 2602 postquam
1105 2513 1267 2578 insularum

230 2619 306 2674 mter
324 2622 355 2661 se
372 2601 546 2662 distantium
561 2600 773 2682 descripserim,
792 2615 932 2684 quotquot
953 2599 1096 2664 illu-sint.
1122 2597 1266 2660 Ceterum

230 2683 276 2758 hae
288 2679 425 2763 despicere
435 2703 523 2765 supra
539 2681 630 2745 dictae
641 2681 769 2751 redeunt
781 2681 820 2745 ad
828 2677 1050 2764 henaim,
1067 2681 1171 2766 qualia
1185 2701 1268 2763 repe-

230 2773 350 2829 riuntur
366 2766 424 2829 suh
441 2763 494 2849 fin.
510 2765 650 2850 Scylacei
664 2765 776 2852 Peripli
790 2788 858 2852 pag.
878 2775 954 2852 324,
968 2791 1031 2854 sqq.
1046 2767 1098 2830 De
1116 2788 1184 2850 quo
1201 2763 1269 2828 vide

232 2854 333 2914 'nostra
349 2873 430 2936 supr.
444 2872 474 2934 p.
486 2852 559 2930 428.
817 2919 821 2930 ,

273 2934 329 3010 xci
346 2935 407 3000 τίσιν
426 2931 535 3006 dts‘usrc
545 2933 680 3023 χῶπη]
706 2933 789 3012 Quae
813 2935 904 2999 verba
922 2935 1085 3020 plurimum
1101 2933 1213 2998 ualent
1230 2930 1269 2996 ad

232 3020 422 3104 explananda
441 3042 493 3098 ea,
512 3020 552 3084 de
570 3019 682 3105 quibus
700 3019 826 3082 disserui
840 3019 880 3082 ad
898 3029 927 3094 S.
951 3019 1014 3085 16.‘
1154 3099 1155 3102 Ἴ

278 3123 303 3164 t.
320 3103 366 3173 Εἰς
376 3103 543 3186 Χερσόνησον·
555 3100 637 3183 nquit
651 3103 721 3168 t'r‘h?
734 3097 816 3168 aidi.
829 3101 871 3176 β’.
898 3105 950 3168 De
963 3122 1110 3168 structura
1124 3103 1269 3166 orationis

231 3185 297 3256 vid.
317 3187 446 3250 Dissert.
460 3209 528 3271 pag.
544 3195 616 3267 4¹7·
634 3225 676 3238 -
690 3187 785 3272 Apud
810 3185 871 3272 Scy
884 3209 930 3252 ac.
944 3209 1012 3272 pag.
1025 3203 1097 3268 307,
1115 3188 1185 3249 init.
1203 3202 1269 3248 sunt

232 3267 330 3332 stadia
341 3291 405 3334 zoo
415 3272 544 3333 aPharo
560 3271 600 3334 ad
612 3271 860 3350 Chersonesum,
883 3289 914 3334 et
926 3271 1079 3336 videretur
1096 3275 1195 3354 primo
1212 3267 1266 3330 ad·

232 3371 336 3436 spectu
357 3354 406 3415 hic
423 3372 565 3416 numerus
579 3356 754 3418 emendatio
771 3361 864 3419 nostri
880 3351 962 3420 rw.
978 3356 1028 3434 β’,
1043 3353 1127 3442 quod
1138 3361 1200 3436 jam
1211 3373 1268 3415 cre·

233 3437 355 3500 diderat
371 3439 551 3499 Mannertus
561 3484 570 3513 ,
580 3455 618 3516 x,
637 3455 665 3502 11
675 3486 685 3515 ,
695 3462 724 3524 p.
740 3447 790 3520 24.
805 3439 867 3502 Sed
882 3440 1045 3504 mendosus
1055 3457 1100 3500 est
1117 3443 1269 3520 utriusque

235 3544 394 3598 numerus,
414 3521 556 3604 Scylacisr
569 3527 693 3599 nimius,
714 3524 878 3588 Stadiasmi
899 3529 1018 3588 arctior.
1038 3523 1102 3587 Hic
1116 3520 1216 3585 stadia
1233 3539 1269 3600 70

179 3678 186 3696 ,
235 3623 374 3670 numerat
392 3605 503 3668 Strabo
516 3629 544 3689 p.
561 3627 656 3691 1150,
673 3609 719 3684 C,
738 3608 822 3693 quod
839 3609 950 3672 mendo
962 3629 1062 3673 carere
1079 3605 1160 3671 vidit
1178 3608 1270 3670 viator

235 3691 481 3776 diligentissimus
496 3691 601 3755 Pucho
615 3695 626 3776 (
638 3693 757 3780 Voyage
773 3696 848 3756 dans
864 3693 895 3756 lu
912 3695 1068 3758 Marmor.
1085 3691 1157 3756 erla
1173 3687 1270 3776 Cyre'n.

238 3777 339 3852 Paris,
359 3775 454 3855 ¹827,
472 3795 540 3859 pag.
554 3779 611 3858 3),
631 3800 726 3862 quunr
746 3777 838 3841 tribus
855 3778 933 3842 horis
951 3782 1008 3842 iter
1024 3775 1102 3841 illud
1120 3777 1272 3862 peregerit.

171 3859 184 3871 '
236 3860 350 3924 Forsan
375 3858 533 3945 legebatur
552 3857 651 3940 stridis
675 3860 712 3942 o',
737 3862 791 3944 ubi
819 3861 1058 3938 unusuidito,
1087 3881 1117 3926 et
1142 3859 1273 3932 alterii,
