2834 4659
343 440 348 450 ,
417 398 600 461 EJUSQUE
630 394 899 451 insensum.
1138 400 1179 471 53
1240 452 1244 459 .

168 502 207 569 rit.
229 500 270 569 Ut
286 502 432 593 proinde
454 502 715 599 chorographiae
739 502 858 571 saltem
881 500 1182 594 peloponnesiaci

41 659 42 690 p
169 604 489 683 auctor-Dicaearchus
500 604 602 674 fuerit
618 605 812 698 primarius.
828 602 871 671 Et
883 627 966 672 sane
979 617 1180 700 ,congruum

41 713 42 766 1
85 727 88 732 ’
168 716 244 786 erat,
269 724 304 775 ut
329 708 551 805 geographia
572 706 772 777 universalis
803 704 963 800 exemplo
982 705 1183 782 *constitue-

169 826 239 882 retur
258 812 472 908 geographia
483 812 584 882 etiam
602 810 885 907 chorographica.
906 806 973 881 Sed
993 832 1076 883 vero.
1096 830 1182 905 geo-

169 914 314 1005 paphiam
332 914 563 983 universalem
578 914 773 983 Dicaearchi
779 930 813 981 et
829 934 1022 982 coaevorum
1030 910 1182 986 Dicaear

169 1013 221 1081 o
236 1018 506 1113 geographorum
527 1042 558 1086 a
564 1013 695 1086 Graecta
713 1015 857 1109 coepisse
875 1012 1105 1095 ostendimus,
1122 1015 1178 1085 vet

168 1116 201 1183 ab
214 1118 360 1189 umbilico
376 1120 493 1213 potius
510 1121 703 1213 delphico:
723 1120 805 1202 inde
817 1136 930 1190 autem
946 1118 1046 1191 lineis
1058 1117 1143 1187 ad
1113 1138 1177 1185 cn·
1219 1150 1224 1157 ·

170 1221 401 1294 conferentiam
424 1224 537 1293 ductis
557 1224 783 1316 processisse,
808 1222 909 1294 etiam
933 1219 1180 1293 cumformam.
1218 1236 1220 1241 ’

169 1321 415 1405 oiavpim'aliam
437 1330 619 1395 crederent
641 1339 748 1418 quarn
775 1324 987 1406 circularem.
1016 1320 1178 1393 Simiiiter

168 1446 519 1519 ergo-consentaneum
541 1448 612 1498 erat
634 1448 673 1497 ut
693 1430 730 1499 αι’
751 1428 1010 1525 chorographiae
1031 1448 1176 1519 quoque

167 1526 201 1594 ab
215 1531 288 1599 urbe
302 1533 455 1629 regionis
474 1533 636 1625 primaria
651 1534 695 1601 ad
714 1529 1007 1605 circumferentias
1018 1540 1177 1626 progre-

166 1632 298 1703 derentur
308 1635 420 1705 lrners
418 1653 537 1719 recns,
550 1658 622 1728 qua
632 1636 729 1705 ircurt
741 1658 886 1727 pervias
898 1656 989 1728 ipsas
1001 1632 1176 1727 publicas,
1260 1689 1265 1717 ,.

167 1756 352 1830 quacunque
379 1741 520 1808 demum
549 1742 583 1822 et
606 1736 871 1831 qualiscunque
886 1736 1005 1835 figuras
1031 1734 1207 1807 fluissent·

164 1835 306 1911 ditionum
325 1843 533 1936 urbanarum
548 1839 1207 1913 circumferentia>

192 2010 210 2063 S
224 2001 288 2063 xiv,
306 2006 417 2091 Scripsit
433 1992 615 2090 dementibus
627 1983 800 2095 Dieaearchus
811 2022 874 2087 post
887 2006 991 2087 oiymp.
1005 2021 1095 2071 cxxi,
1113 2030 1139 2063 2.

176 2147 272 2221 'Hac
300 2155 345 2223 de
378 2172 538 2248 tempore,
562 2179 636 2249 quo
670 2174 804 2225 montes
834 2156 929 2273 ipsos
956 2154 1174 2223 Dicaearchus
1212 2223 1220 2243 ,

163 2258 297 2326 emensus
311 2263 380 2327 es't.
404 2256 483 2343 Jam
510 2260 554 2327 de
578 2278 734 2352 tempore
759 2281 832 2351 quo
856 2258 997 2350 scriptis
1010 2258 1047 2325 in
1072 2276 1174 2325 usum

162 2354 327 2447 pubiicum
334 2362 571 2431 monumentis
593 2364 734 2432 eosdem
756 2360 985 2467 consignavit.
1009 2358 1079 2429 Vix
1104 2375 1176 2427 erat
1205 2404 1207 2407 -

39 2542 43 2553 Ι
164 2464 416 2533 cenescribendi
433 2466 561 2549 otium,
586 2467 700 2534 dum
690 2488 727 2533 ιιι
746 2488 850 2557 opere
867 2465 962 2557 ipso,
981 2465 1065 2531 dum
1076 2484 1175 2555 pere-

39 2556 44 2576 '
158 2562 388 2656 grinationibus
418 2568 510 2639 illius
535 2593 639 2639 causa
663 2570 831 2661 susceptis
856 2583 1057 2636 versaretur.
1088 2564 1174 2634 Non
1207 2630 1210 2639 .

157 2670 305 2740 certe'ifla
325 2667 463 2764 depactio
484 2673 576 2764 styli,
601 2697 644 2742 eo
668 2694 783 2765 rerum
810 2672 855 2740 de
880 2669 1007 2763 quibus
1036 2684 1173 2767 acturus

155 2790 228 2839 esset
238 2774 531 2867 subactojudicio,
543 2777 670 2869 quibus
681 2777 911 2845 inclaruerunt
925 2774 1059 2857 schola,
1073 2774 1173 2861 cujus

153 2871 349 2969 disciplinam
367 2876 610 2972 profitebatur,
633 2880 861 2974 peripateticae
884 2878 1058 2947 institutor
1081 2871 1174 2945 nris-¹

153 2978 255 3067 toteies,
266 2999 300 3052 et
310 2983 570 3075 condiscipuius
581 2983 852 3076 Theophrastus.
868 2980 1047 3077 Haecergo
1060 2980 1173 3048 moitis

151 3098 256 3168 postea
271 3085 378 3175 *annis
397 3085 540 3179 elapsis,
558 3086 629 3154 imo
647 3092 729 3179 p'ost
748 3086 858 3157 Vitam
878 3080 1030 3163 Graeciae,
1047 3082 1173 3176 praesti-

41 3243 50 3294 τ
151 3180 219 3263 tissa
232 3188 336 3257 vincit
351 3190 484 3275 mentio
496 3190 727 3276 Demetriadis
743 3190 787 3257 ad
801 3188 928 3257 montis
942 3186 1028 3255 Pelii
1041 3186 1174 3256 radices

41 3301 46 3336 ι
148 3284 326 3359 sira.Hanc
337 3292 430 3359 enim
442 3291 697 3363 Demetriadem
712 3294 931 3361 tnmdemum
944 3288 1180 3358 condidistis

149 3384 275 3464 mettius
297 3392 508 3465 Poliorcetes
525 3420 605 3466 cum
621 3389 739 3491 regno
757 3394 973 3464 Macedonia
988 3393 1178 3486 potiretur;

145 3494 284 3581 proinde
307 3498 532 3591 post'oiymp.
550 3502 722 3581 cxxt,'2,
739 3522 803 3590 pro
823 3498 954 3567 nostris·
972 3498 1175 3589 supradictis

42 3617 46 3696 ξ
143 3597 334 3671 rationibus.
353 3602 462 3669 Hunc
476 3604 587 3695 ipsum
600 3602 817 3676 Demetrium
835 3600 1082 3691 Poliorcetemi
1099 3624 1174 3668 non

42 3701 51 3746 ‘-
144 3718 245 3769 autem
265 3705 369 3773 alium
386 3706 542 3795 quemvis
557 3706 806 3802 cognominem
823 3706 923 3773 etiam
939 3726 1057 3799 regem
1074 3706 1173 3793 hujus
1201 3732 1203 3741 ¹

43 3793 47 3813 '
143 3804 226 3872 urbis
237 3808 453 3877 conditorem
462 3812 624 3903 ¹agnoscit
640 3807 932 3905 Strabo'.iiege1n
945 3826 1058 3889 tamen
1068 3805 1184 3873 fuisse:

46 3961 50 3970 ·
154 3929 391 4019 ''Strab.iib.ix‚
408 3930 632 4013 Geogr.pag.436
658 3935 665 4005 i
674 3952 701 4011 Ρ
717 3930 838 4005 666,Β).
859 3944 861 3947 ’
