2834 4659
259 365 307 437 60
456 354 719 435 nissenrar'ro
746 380 800 432 nr
828 376 1097 446 orcetrrcrro,

255 486 493 558 Doriensiurn·
514 484 708 581 originibus
744 485 873 556 mentio
906 502 977 553 erat
1009 482 1303 577 frequentissima.

217 593 220 602 “
258 590 343 659 Inde
356 587 517 684 proclivis
529 605 600 657 erat
614 588 730 656 minus
743 587 859 679 peritis
874 586 1010 657 errandi
1022 588 1171 673 occasio,
1182 604 1221 657 ur
1234 612 1303 681 pro

256 693 408 763 urbibus·
418 690 669 785 acciperentur.
686 687 772 761 Satis
796 714 882 788 ergo
899 714 1057 787 congrue
1073 694 1118 761 de
1140 690 1302 761 haoDo-

257 797 422 865 riensium
438 794 572 888 Tripoli
593 796 638 863 in'
652 801 718 864 s'u‘o
737 796 935 881 Ύαπυλιπκῷ
957 794 1130 888 scripserit
1153 794 1303 863 Dice-ar·

257 901 353 967 chus.
370 897 450 967 Erat
467 915 582 966 autem
598 914 632 965 et
646 898 777 990 in'ipsa
792 910 944 989 quoque
954 896 1202 991 Peloponneso
1214 898 1299 969 Tu·-

257 1002 348 1095 polis
376 1024 449 1069 non
473 996 696 1069 incommoda
715 1000 953 1083 Dicaearcho,
979 1000 1041 1093 qui
1054 1018 1198 1077 tantam
1212 1000 1308 1081 ,wurt'

256 1106 421 1188 vidimus,
436 1096 589 1181 &elien
599 1100 781 1197 profitetur
793 1104 829 1171 in
841 1102 944 1171 rebus
958 1101 1207 1196 Peloponnesi
1220 1104 1301 1173 Me-

147 1233 150 1240 *
259 1208 359 1276 minir
373 1206 464 1277 illius
483 1206 646 1299 Polybius
658 1208 683 1289 ¹·,
704 1202 763 1297 qui
785 1206 886 1275 etiam
902 1207 938 1274 in
954 1228 995 1275 ea
1015 1204 1186 1277 Pellenen
1201 1207 1299 1275 sitam

258 1315 333 1381 ess’e
341 1312 454 1380 docet.
467 1309 510 1378 Er
522 1311 663 1403 quidem
673 1303 849 1378 ninevem
859 1308 1107 1405 rempublicam
1115 1310 1303 1403 descripsit
1331 1344 1343 1367 .

232 1420 236 1429 “
257 1430 377 1483 noster
391 1412 631 1496 Dicaearchus,
650 1399 736 1484 test‘e
750 1410 935 1495 Cicerone.
950 1409 1040 1481 Sunt
1055 1430 1172 1481 tamen
1182 1413 1246 1505 qui
1258 1413 1302 1480 in'

164 1508 168 1515 ¹
258 1513 455 1586 Cicerone²
477 1516 595 1614 legant
617 1508 784 1585 notram.
807 1512 874 1585 Sed
891 1538 974 1586 vero
988 1512 1092 1585 foisse
1112 1516 1303 1609 quietiam

258 1615 403 1696 narniens
420 1644 553 1689 nomen
569 1621 713 1689 northw
727 1618 916 1688 scriberent
932 1622 1035 1689 docet
1048 1614 1243 1711 Stephanus
1254 1620 1306 1687 :in
1337 1702 1341 1710 .

180 1769 184 1780 =
208 1745 210 1750 ·
257 1746 335 1792 voc.
350 1720 492 1792 nenive.
511 1720 567 1792 Sic
583 1707 647 1792 erit
662 1723 699 1790 in
714 1723 847 1791 incerto
860 1720 1028 1791 Pellenen
1041 1720 1301 1817 Peloponnesi,

240 1830 301 1893 'an
315 1824 464 1895 Pelinan
476 1826 685 1908 Thessalia,
706 1825 924 1918 descripserit
933 1826 1161 1895 Dicaearchus.
1178 1824 1309 1922 Magis·

152 1954 157 1963 ·
258 1945 373 1998 tamen
395 1929 598 1999 crediderim
624 1930 668 1997 de
694 1927 931 2021 Peloponnesi
956 1926 1099 1998 Pellene
1119 1928 1304 2021 scripsisse

208 2038 211 2040 ’
257 2031 518 2115 Dicaearchum,
546 2034 644 2124 quod
667 2035 712 2101 de
737 2033 860 2101 eadem
884 2031 1055 2125 scripserit
1074 2032 1175 2101 etiam
1204 2031 1306 2101 illins·
1394 2064 1395 2127 3

258 2126 447 2229 praeceptor
467 2135 679 2205 Aristoteles.
694 2132 883 2205 *Sed-nibil
900 2153 952 2205 est
971 2157 1032 2204 cur
1055 2136 1236 2205 credamus
1259 2136 1302 2204 in
1394 2150 1395 2217 g

257 2239 418 2332 Tripolin
427 2240 578 2332 aliquam
592 2238 761 2322 coaluisse
774 2237 1013 2332 Peloponnesi
1021 2238 1188 2308 Pallenen
1201 2256 1304 2309 aetate
1394 2224 1395 2294 l

256 2341 450 2413 Aristotelis
474 2362 533 2413 aut
555 2342 756 2412 Dicaearchi.
786 2342 861 2412 lmo
889 2360 1034 2422 contra,
1067 2342 1298 2435 recentiorem

256 2442 390 2527 fuisse,
420 2448 520 2539 siqua
545 2443 649 2514 fuerit
675 2447 766 2514 illius
791 2444 886 2513 urbis
913 2450 1057 2515 societas
1085 2447 1122 2514 in
1149 2470 1309 2539 corpore>

258 2548 376 2640 aliquo
394 2548 600 2641 Tripolitico
618 2550 640 2629 ,¹
653 2546 802 2617 e‘forma
825 2549 899 2640 ipsa
922 2549 1094 2619 scribendi
1114 2550 1303 2643 probabile

258 2669 331 2733 est,
347 2652 453 2743 plane
464 2651 590 2721 eadem
607 2674 677 2753 qua
692 2653 737 2719 de
750 2644 821 2720 aliis
839 2652 1037 2745 scripserint
1051 2652 1193 2722 urbibus
1208 2653 1302 2723 nihil
1393 2678 1394 2731 1

191 2755 198 2769 ’
258 2754 347 2821 inter
378 2778 415 2823 se
441 2754 639 2846 commercii
668 2754 887 2823 habentibus.
913 2754 1093 2825 lmo‘urbs
1114 2774 1187 2825 erat
1214 2755 1308 2826 Pel-¹
1393 2738 1394 2818 l

257 2856 354 2939 lene,
369 2859 468 2946 cujus
481 2851 623 2926 πολιτεία
633 2858 889 2950 descripserunt
902 2860 1100 2952 philosophi
1110 2904 1124 2943 ,·
1140 2861 1301 2951 corporis

258 2957 399 3029 Achaici
412 2962 504 3029 socia
520 2977 675 3054 tempore
691 2960 845 3050 Polybii‚
865 2985 942 3055 quae
957 2961 1299 3055 Dodecapoliseran

259 3080 333 3131 non
357 3064 521 3156 Tripolis·
545 3056 688 3134 noum
708 3084 824 3134 autem
842 3060 887 3134 rin
910 3064 995 3155 euri
1018 3063 1165 3142 tersiae
1185 3092 1299 3149 neyn-

257 3161 456 3259 perosam,
467 3168 582 3257 vicum
595 3170 762 3261 supponit
771 3167 932 3261 Polybius
949 3170 985 3237 in
997 3168 1148 3261 Tripolis
1159 3169 1301 3239 ditione
1392 3192 1393 3261 ᾗ

258 3269 382 3353 situm,
398 3294 473 3339 non
490 3288 605 3340 autem
624 3271 744 3340 urbem
762 3296 804 3341 ex
817 3272 961 3341 urbium
978 3284 1124 3341 numero
1142 3272 1300 3365 Tripoli·

258 3371 337 3439 tico.
359 3372 616 3469 Ignobilitatem
639 3370 730 3444 illius
747 3376 860 3473 arguit
872 3400 940 3445 vox
957 3376 967 3467 (
976 3384 984 3444 l
999 3374 1063 3468 G.)
1083 3400 1299 3471 reymerus·

254 3464 336 3553 raim.
348 3475 459 3559 Quasi
468 3496 587 3570 prater
598 3500 787 3549 commune
796 3502 924 3547 nomen
935 3479 1186 3571 pretereanihil
1198 3480 1310 3551 aliud*

257 3577 398 3648 haberet
412 3604 473 3648 cur
491 3605 569 3650 cum
594 3560 680 3650 urbe
702 3587 980 3652 contenderetur.
1003 3585 1076 3650 Into
1096 3583 1142 3650 ita
1163 3583 1259 3651 illam
1281 3610 1302 3652 a

257 3678 399 3750 Pellene
414 3682 500 3752 urbe
513 3686 717 3781 distinguit,
743 3689 839 3778 quod
860 3687 975 3755 locum
994 3685 1148 3755 habuerit
1164 3688 1200 3753 in
1214 3686 1301 3755 alie·
1391 3774 1392 3777 Ἴ

298 3832 410 3909 'Polyb
430 3835 476 3893 lib.
490 3852 528 3904 tv,
542 3858 600 3970 pap.
619 3838 688 3914 478,
710 3834 752 3895 ed.
766 3839 851 3903 Amrt.
873 3844 879 3913 (
896 3861 919 3897 c.
934 3832 977 3909 8¹1,
992 3850 1012 3904 s.
1025 3863 1051 3918 7,
1063 3838 1105 3895 ed.
1115 3836 1303 3923 Schweighl.
1391 3800 1392 3864 i

258 3939 294 3972 ··.-
315 3910 424 3970 'Ciccn
437 3911 482 3969 lib.
495 3928 529 3981 tt,
551 3935 566 3969 a
603 3915 677 3970 Arric'.
696 3934 737 3991 ep.
749 3928 775 3971 11.
873 3935 878 3949 ·
