2834 4659
431 399 485 451 ns
504 400 679 452 ‘scinne
706 400 823 455 cmo.
1082 403 1153 479 235

121 531 136 576 a
155 502 385 600 paucissimis,
405 504 435 573 si
449 502 544 596 fqrte·
553 504 654 601 ullis,
676 505 754 588 illo,
780 522 859 598 quo'
869 505 1040 576 scribebat
1061 508 1156 600 ipse,

122 611 233 680 seculo
257 609 580 702 posset'vehdilari.
605 609 692 676 lnde
717 610 815 678 illum
847 607 972 693 ravim
991 604 1156 698 οιλολόγις

121 731 288 796 accenset,
313 715 415 806 quod
427 714 788 806 praestantissimorum
805 713 1156 810 philologorumdis-

121 815 370 910 cipulusfu'erit,
383 815 439 886 vel
447 816 626 908 discipulis
636 839 788 897 coaevus,
796 839 876 908 quae
883 817 996 886 aliena
1008 819 1156 909 proinde

120 922 244 990 censdit
259 945 281 988 a·
294 920 487 990 nummuli
506 919 708 1017 philologis.
729 917 785 989 Sic
806 914 1017 990 enim-‘vinea
1037 917 1157 1006 mim

121 1023 192 1095 loco
208 1029 288 1096 suos
301 1032 459 1116 ‘quoque
479 1023 683 1116 ‘discipulos
694 1023 853 1092 hahebat
878 1021 912 1099 Si
924 1101 928 1104 ,
939 1023 1157 1118 Apostolus,

121 1129 173 1218 qui
193 1137 267 1196 tum
285 1130 429 1196 demu'm
447 1127 560 1214 psalmas
578 1127 833 1207 censebamus,
853 1127 1158 1221 siapraeceptoris

121 1230 234 1300 virtute
252 1239 326 1300 non
341 1229 486 1304 fiaissent
501 1235 705 1327 degeneres.
726 1231 803 1299 lmo
820 1233 888 1300 hoc
911 1232 989 1324 ipso
1011 1231 1158 1299 nomine

120 1329 231 1423 pinos,
248 1336 276 1404 si
296 1335 339 1404 ab
358 1336 441 1429 ipsis
458 1354 559 1404 sectae
577 1335 853 1416 institutoribus,
870 1353 974 1404 sectae
987 1352 1158 1428 praecepta

121 1440 339 1532 accepissent,
361 1463 435 1506 non
447 1457 560 1508 autem
577 1461 640 1531 per
652 1462 815 1507 coenosos
824 1441 1041 1534 degenerum
1057 1437 1161 1506 dis'ci·

119 1542 271 1632 pulorum
286 1543 436 1612 canales.
450 1541 506 1612 Sic
521 1542 623 1610 etiam
639 1567 716 1636 quae
733 1543 837 1611 habet
850 1545 895 1611 de
909 1543 1006 1612 cultu
1014 1541 1160 1634 Apolli·
1182 1535 1187 1544 ’

121 1645 166 1713 nis
178 1643 364 1748 Didymoi,
382 1663 449 1714 tam
466 1643 509 1714 ab
522 1647 590 1716 hoc
602 1668 667 1714 suo
680 1632 892 1729 Nicomede,
905 1669 1010 1742 quam
1023 1670 1043 1714 a
1057 1645 1162 1714 Nico·

121 1739 218 1817 medis
243 1769 338 1842 patre
362 1739 570 1828 observato
603 1741 708 1822 haec’
691 1754 764 1818 ani
788 1768 932 1843 accepta
951 1746 1055 1826 refert
1078 1745 1160 1818 fidei

119 1875 236 1947 nempe
250 1855 379 1923 alienae.
394 1853 478 1922 Haec
491 1874 605 1922 tamen
618 1854 734 1956 patriae
747 1853 891 1923 fortasse
903 1854 1041 1947 potius,
1055 1876 1159 1944 quam

119 1956 223 2024 saculi
234 1957 551 2054 alieni¹alrgiamenta
565 1957 865 2026 exrstrmabuntun
872 1955 1061 2025 Videamus
1073 1979 1159 2052 ergo

119 2058 369 2153 aliunde²,qua'
389 2062 494 2158 licet,
521 2076 653 2130 attalem
675 2062 809 2148 nostri,
835 2062 974 2151 dequo
997 2060 1158 2156 agimus,

121 2166 269 2234 auctoris.
286 2165 404 2261 Reges
422 2180 514 2248 certe
532 2165 771 2262 Pergamenos
784 2181 865 2233 aum
887 2163 1054 2232 defecisse
1076 2185 1160 2255 sup·
1220 2162 1224 2168 ’

120 2268 232 2357 ponit,
257 2268 293 2337 ni
313 2267 431 2352 fallor,
454 2292 535 2336 cum
560 2269 634 2362 ipse
655 2269 754 2362 operi
780 2291 922 2338 manum
946 2269 1158 2336 admoveret.
1186 2303 1191 2318 ι

121 2365 169 2439 Sic
183 2372 274 2441 enim
287 2371 391 2441 habet
406 2397 455 2442 vs
479 2371 545 2440 ι6ι

283 2585 632 2609 .................
650 2541 749 2630 Taisia
761 2542 899 2654 Πιριᾶμω

263 2623 486 2710 &unim-
463 2647 510 2702 ol
518 2663 535 2706 ιι
529 2635 688 2721 ἥξεις)
695 2636 852 2707 ἰιθιιιιιόπιιι
955 2689 963 2700 .

186 2775 189 2782 ·
278 2757 361 2812 m
373 2732 451 2797 πιῖωι
462 2732 523 2810 »haia
538 2729 615 2813 ζῶσαι
632 2727 684 2794 ml
697 2727 791 2800 waic
803 2726 887 2812 paim

120 2884 167 2959 Sic
179 2890 234 2960 ille
250 2892 295 2959 de
310 2889 468 2982 pluribus
482 2910 556 2956 uno
573 2885 617 2956 ab
637 2887 857 2980 Apollodori¹
868 2886 993 2959 saeculo
1016 2885 1160 2982 regibus

123 2990 348 3090 Pergamenis.
368 2987 421 3061 ‘Et
448 2992 663 3061 taanen·›‘unl‘
677 2985 800 3058 Attalo
815 2987 1044 3084 Philadelpho
1069 3014 1160 3082 opus

123 3103 209 3192 suum
232 3095 523 3194 chronologicum
552 3093 767 3186 inscripsisse
796 3093 1051 3185 Apollodorum
1085 3094 1164 3186 ipse

125 3202 208 3272 testis
228 3219 280 3272 est
296 3211 349 3270 vsss
369 3199 437 3280 46,
459 3197 521 3281 48.
535 3197 633 3266 Alius
648 3209 735 3294 ergo
749 3197 835 3280 ille,
857 3221 964 3290 quem
981 3207 1160 3266 mortuum

124 3303 297 3396 supponit,
314 3325 378 3374 rex*
385 3301 634 3400 Pergamenus
640 3300 882 3395 postAmlum
894 3300 1161 3393 Philadelphum

125 3407 246 3502 Atplias
268 3406 495 3480 eraaulu‘mus
510 3404 727 3499 Philadelphi
751 3428 881 3498 nepos,
906 3406 969 3498 qui
990 3405 1162 3474 didonem

124 3505 361 3608 Pergamendm
378 3519 585 3582 testamento
601 3508 736 3604 populo
751 3531 900 3578 romano
912 3508 1052 3606 legavit.
1070 3508 1164 3574 Hinc

124 3625 201 3710 ergo'
222 3612 444 3686 manifestum
466 3632 546 3694 est,
572 3623 651 3706 p'ost
677 3637 811 3681 annum
837 3611 937 3683 Varr.
964 3611 1063 3692 621,
1089 3633 1164 3702 quo

124 3712 205 3787 heta
201 3719 272 3790 alla
281 3731 336 3790 es't
353 3718 369 3810 l
377 3737 427 3790 uta
418 3715 615 3809 vidimus)
630 3715 778 3812 legatio,
796 3716 978 3808 scripsisse
992 3732 1163 3783 nostrum.
1206 3723 1211 3729 ‘

124 3819 256 3917 Alioqui
281 3823 427 3921 regibus
450 3821 696 3918 Pergamenis,
726 3819 755 3888 si
780 3819 843 3911 qui
866 3818 1039 3896 fuissent,
1071 3839 1164 3908 quos

125 3941 226 3999 tantos
240 3928 413 4016 literarum
432 3935 595 4022 patronos
613 3924 790 4020 agnoscit,
812 3944 902 4013 opus
914 3920 1041 3990 fuisset
1047 3918 1166 4010 potius
