2834 4659
404 352 446 405 ru
476 350 676 405 scriturum
704 352 853 418 curruum.
1080 340 1149 435 365
1220 351 1224 364 '

109 453 169 518 luit.
189 454 323 516 Minime
335 450 523 531 Antiochum
537 448 756 529 etSttahonem
773 450 927 537 hrgiehat,
949 434 1154 539 quantnfflad

110 544 340 622 septentrionem
355 551 493 620 paterent
507 551 623 599 veteres
646 537 800 615 OEnotrii,
820 542 934 623 quippe
966 545 999 610 ui
1012 545 1048 603 in
1061 542 1153 607 Latio

111 626 306 708 regnaverint.
318 620 366 685 Ex
384 621 540 703 Dionysio
553 619 658 692 Halic.
696 626 827 706 raecipue
840 562 991 685 sumenda
1007 644 1052 687 est
1069 629 1153 690 anti-

110 730 172 791 quae
183 708 332 770 OEnotriae
343 704 524 790 amplitudo.
534 704 657 768 Laudat
667 644 730 783 ille,
743 729 772 790 p.
789 726 845 783 ro,
856 706 949 784 med„
964 706 1152 793 Sophoclem

111 810 278 865 auctorem,
296 789 376 874 apud
390 812 481 875 quem
494 770 636 853 videdtur
650 790 728 865 haec,
745 786 889 859 Oimnm‘u
899 818 926 855 rr
942 789 1069 879 simp}
1084 799 1152 875 Τυῤ-

106 864 335 955 p'mnlrko‘nmc,
362 869 493 957 nrputrm‘
509 901 534 939 rr
555 872 603 953 mi,
625 890 724 937 totam
742 893 817 938 tunc
836 874 958 939 ltaliam
982 882 1153 961 generatim

111 960 263 1043 amplecti3
281 964 366 1044 atqui
378 960 527 1023 OEnotriae
539 962 596 1021 erit
613 958 765 1043 quidquid
782 959 823 1021 ed
842 959 1002 1026 meridiem
1014 962 1153 1045 Tyrrhe·

111 1067 212 1107 norum
233 1051 325 1125 jacet.
347 1041 412 1106 Sed
432 1062 592 1129 quousque
618 1042 659 1107 ad
680 1041 838 1106 meridiem
862 1043 1017 1126 Tyrrheni
1083 1068 1153 1111 rve-

114 1131 230 1193 nerunt!
245 1130 364 1193 Annon
375 1128 526 1191 (Enotriae
539 1129 631 1212 ipsius
642 1143 760 1211 partem
772 1126 818 1193 illi
831 1126 1029 1194 ademerunt!
1079 1154 1153 1215 sque

113 1210 147 1273 ad
168 1211 367 1277 Posidonium
391 1216 562 1297 pervenisse
589 1210 823 1295 Tyrrhenorum
844 1216 1013 1296 potentiam
1040 1214 1152 1287 diserte

112 1296 237 1361 ostendit
249 1297 517 1373 Ruunt-Roman,
529 1295 590 1361 loc.
605 1300 657 1359 cit.
671 1314 701 1371 1,
713 1317 781 1382 pag.
795 1303 857 1376 247
865 1318 874 1374 3
883 1300 981 1361 immo
993 1298 1154 1385 hucusque

111 1380 263 1445 descendit
277 1381 462 1465 Tyrrhenici
480 1386 569 1445 maris
582 1379 749 1465 adpellatio
760 1380 861 1445 s-inde
879 1386 1075 1467 consequitur
1091 1400 1153 1448 ter·

112 1469 202 1537 minos
218 1470 362 1552 antiquos
375 1464 557 1550 Tyrrhenia:
571 1482 654 1529 arcte
661 1464 734 1546 piari
743 1487 809 1530 non
828 1488 932 1548 posse,
949 1467 1003 1532 sed
1020 1472 1153 1551 patuisse

113 1548 310 1631 Tyrrheniam
334 1555 365 1613 in
391 1552 480 1615 litora
495 1573 564 1635 quae
587 1551 739 1613 (Enotriae
763 1549 847 1614 dicta
866 1568 946 1617 sunt.
967 1550 1012 1613 At
1031 1551 1153 1617 videtur

111 1634 254 1703 lihnotriae
273 1657 387 1701 nomen
402 1635 446 1699 ‘ad
465 1638 701 1719 septentrionem
724 1638 857 1718 petuisse
868 1658 967 1719 usque
990 1635 1151 1712 Tiberim3

114 1735 140 1781 et
160 1743 251 1803 quum
277 1742 316 1783 ex
344 1724 468 1802 trojanis
492 1727 555 1801 jam
580 1720 769 1803 temporibus
792 1720 948 1802 Tyrrheni
963 1720 1011 1795 ad
1032 1738 1151 1805 septen-

113 1806 235 1888 trionem
248 1805 374 1869 Tiberis
387 1808 495 1871 remoti
507 1822 620 1881 essent,
635 1804 748 1867 exinde
757 1805 881 1883 (Enotri
898 1803 1154 1881 videnturtotam

111 1884 221 1951 ltaliam
233 1889 467 1954 meridionalem
478 1888 635 1975 amplecti,
645 1888 847 1953 donecvariae
854 1908 959 1975 gentes
967 1890 1153 1975 eosexpule·

111 1974 163 2037 rint
175 1973 213 2037 ad
226 1974 404 2050 meridiem,
420 1992 451 2038 et
466 1978 498 2037 in
518 1996 623 2038 eorum
641 1972 747 2037 locum
760 1978 981 2049 successissent.
1000 1977 1157 2041 Autumat

110 2054 272 2142 Dionysius
286 2058 389 2123 Helie.
403 2042 473 2143 pagi
492 2079 545 2137 rr,
567 2059 623 2141 lin,
636 2077 696 2136 22,
719 2058 880 2122 (Enotrios
902 2058 1003 2122 forsan
1023 2060 1154 2125 Umbris

110 2138 232 2226 aliquam
258 2166 323 2207 sure
349 2147 480 2228 regionis
501 2160 617 2228 partem
635 2142 799 2219 ademisse;
820 2147 864 2205 sic
887 2161 1053 2226 potuerunt
1071 2149 1154 2209 circa

110 2226 233 2293 Anconae
255 2233 352 2297 situm
376 2232 546 2315 pertingere
569 2229 704 2290 OEnotrii
735 2231 766 2289 in
793 2226 882 2290 litore
909 2227 1082 2313 Adp'aticos
1113 2230 1152 2292 ln
1193 2255 1195 2262 ·

108 2330 267 2393 posterum,
283 2312 450 2377 labentibus
464 2315 567 2389 annis,
586 2312 796 2392 OEnotriufitit
806 2312 953 2398 quidquid
966 2331 1155 2399 nonagenus

109 2400 227 2461 nundum
252 2402 434 2465 ademerant.
457 2396 595 2481 Respicit
622 2394 765 2479 Strabo(
774 2418 803 2480 p.
825 2413 903 2483 391,
919 2395 970 2478 C)
991 2418 1061 2461 cum
1083 2397 1155 2474 An,

109 2480 203 2545 tiocho
220 2482 271 2571 ad
283 2502 421 2567 tempora
430 2530 440 2561 ,
456 2482 567 2567 quihus
579 2482 732 2545 'OEnotria
744 2479 854 2544 eadem
870 2475 933 2544 erat
951 2503 989 2544 ac
1001 2480 1156 2560 ltalia,.‚et,
1230 2482 1233 2487 ’

108 2566 318 2655 pertingebatu
332 2561 501 2631 Posidonia
514 2568 558 2629 ud
569 2567 798 2653 Metapontum,
812 2566 967 2649 Scymnus
976 2563 1103 2644 Italiam
1113 2567 1155 2632 ab
1176 2562 1181 2573 ’

112 2648 236 2717 OEuottia
255 2652 434 2739 distinguit,
452 2648 553 2715 forsan
572 2653 646 2734 quia
661 2652 878 2713 OEnotriorum
890 2654 1050 2735 imperium
1062 2650 1155 2737 longe

109 2740 209 2802 arctius
229 2738 359 2803 tandem
379 2735 500 2815 fuctum
516 2735 630 2813 fuerat,
652 2756 817 2821 antequam
841 2734 1006 2811 deleretur,
1029 2727 1061 2799 et
1080 2740 1154 2819 quia

126 2814 1155 2907 entesplnresintersedisceptabantdevicinaregione5qnaeetiam
1199 2888 1205 2897 ,

108 2841 193 2967 ltalia
200 2954 212 2983 ,
226 2903 281 2970 sed
297 2928 361 2970 non
373 2905 503 2990 amplius
518 2906 654 2968 OEnuttiu
668 2902 731 2966 dici
746 2922 882 2987 poterat,
898 2904 941 2967 oh
958 2908 1155 2983 imminutam

109 2986 315 3075 OEuotrioruyn
324 3008 514 3075 potestatem.
529 2986 709 3053 Herodotus
722 2988 896 3051 (Enotriam
908 2988 997 3052 latius
1010 2991 1154 3072 producit

109 3072 144 3133 ad
162 3075 339 3153 meridiem,
353 3098 447 3161 quam
464 3074 636 3159 Scymnus:
650 3092 681 3136 at
697 3071 788 3135 simul
805 3071 903 3135 redire
916 3072 1040 3137 videtur
1052 3092 1155 3139 noster

109 3155 144 3222 ud
156 3164 329 3243 remotiore,
341 3177 493 3245 tempora,
507 3182 604 3243 quum
620 3158 794 3224 (Enotriarn
805 3155 957 3241 producat
974 3158 1100 3228 ulterius
1113 3159 1154 3223 ad

108 3249 357 3325 septentrionem,
368 3267 460 3330 quem
473 3243 586 3307 Strabo
598 3264 702 3327 supra,
715 3243 748 3306 id
761 3260 821 3321 est,
837 3240 879 3304 ad
896 3242 1019 3326 Cymen
1035 3244 1153 3308 urbem.

110 3322 156 3391 Cf,
177 3347 279 3394 nostra
301 3328 346 3395 ad
369 3354 410 3395 vs.
425 3337 504 3409 ¹243.
525 3328 661 3411 Scylacis
679 3326 816 3411 Periplus
837 3327 898 3408 hoc
917 3332 950 3391 iu
973 3327 1155 3414 locolonge
1231 3344 1235 3352 ·

109 3414 541 3499 recentioremgeographiem,
558 3434 593 3476 ex
608 3416 709 3487 ‚rimie
795 3459 798 3468 .
1031 3470 1034 3475 .
1161 3477 1165 3484 ,

144 3488 198 3561 Vs.
241 3518 297 3563 or.
319 3494 431 3582 'Iruni]
445 3496 563 3561 italum
588 3435 679 3561 dhisse
693 3510 695 3515 '
711 3497 922 3578 OEttotriurumx
938 3518 1037 3583 regem
1064 3493 1155 3559 refert

110 3518 278 3663 Antiochus
293 3580 417 3663 syrae„
428 3605 474 3665 ap.
483 3582 617 3665 Dionys.
637 3580 740 3643 Halic.
758 3598 786 3658 1,
799 3603 826 3644 c.
850 3582 1029 3656 123sciiicet
1044 3580 1155 3644 eadent

38 3675 43 3683 '
109 3658 200 3730 fuerat
215 3667 293 3731 olim
308 3662 397 3729 ltalia
408 3688 444 3730 ac
456 3668 606 3729 OEnutria.
620 3664 672 3729 cf.
687 3683 789 3729 nostra
804 3663 846 3727 ad
857 3687 900 3727 vs.
911 3685 953 3751 29
976 3713 985 3729 .

146 3750 198 3815 Vs.
221 3767 297 3835 303,
316 3744 453 3835 prepalui,
467 3800 473 3817 .
487 3800 494 3814 .
510 3746 624 3835 ἘΜ-οἱς]
648 3748 732 3830 Quae
746 3747 916 3831 adpellatio
932 3751 1048 3829 scirpus
1066 3768 1156 3809 erco-

108 3837 271 3916 gitataest,
285 3854 321 3897 nt
340 3838 383 3917 ait
402 3852 517 3909 noster3
530 3834 614 3898 hanc
634 3832 774 3897 eumdem
791 3832 862 3896 olim
868 3880 879 3909 ,
894 3829 929 3894 nl
950 3831 1090 3912 rupissem,
1109 3828 1157 3890 di-
1261 3848 1267 3855 ·

54 3954 56 3961 ·
108 3936 184 3981 ctam
196 3924 239 3983 uit
249 3942 310 4005 pro
322 3939 376 3979 sua
389 3936 476 3989 aetate
495 3920 676 4002 Procopius,
689 3916 784 3981 Goth.
800 3917 831 4002 'p.
853 3935 932 3999 350,
950 3917 995 4008 D,
1010 3912 1156 3995 Polybius
1221 3992 1224 3996 ἵ
