2834 4659
418 383 468 436 Du
501 379 667 436 tcutttto
696 377 813 437 mtto.
1065 387 1141 458 233
1172 425 1175 430 ,

109 489 209 585 Scipio
227 489 284 558 ille
300 483 484 558 Africanus
502 489 617 556 minor
630 503 723 566 erat,
740 489 803 579 qui
819 489 921 556 etiam
937 487 1145 560 AEmilianus

107 619 122 662 a
137 611 223 687 patre
238 591 396 662 natalitio
410 591 448 659 L.
466 591 734 682 AEmilioyPaulo
744 591 869 660 'Persei
880 592 1070 676 domitore,
1083 616 1145 686 ap-

52 751 55 758 .
109 697 296 788 pellabatur.
320 695 432 776 Nam,
461 718 543 762 cum
566 697 605 764 in
629 696 711 764 Asia
733 695 839 791 legati
860 695 934 763 vice
956 695 1023 764 sub
1044 695 1145 766 fratte
1189 687 1192 691 ’

109 799 245 869 Asiatico
262 817 453 868 versaretur
469 799 652 867 Africanus
670 801 802 887 major,
823 816 896 866 tum
909 816 1002 866 cette
1018 799 1145 896 Perga-

109 904 355 996 menispraeerat
365 901 499 970 Attalus
513 901 651 982 nullus,
674 905 735 970 sed
748 903 871 992 hujus,
886 904 1017 993 dequo
1033 904 1146 995 loqui·

29 1091 30 1100 ἵ
111 1029 191 1089 mur,
209 1006 312 1075 Attali
330 1004 433 1074 frater
453 1003 640 1075 Eumenes.
662 1005 782 1096 Hujus
803 1003 908 1074 Attali
931 1007 1146 1100 temporibus

110 1109 261 1178 convenit
281 1133 395 1178 annus
410 1108 454 1178 ab
472 1126 612 1178 auctore
632 1107 691 1178 illo
707 1108 963 1204 chronologico
981 1111 1146 1207 designa-

110 1229 156 1280 tus
174 1230 248 1305 post
272 1211 326 1280 Ilii
349 1213 519 1281 excidium
550 1211 659 1292 1040.
679 1211 919 1281 Numerentur
937 1213 1021 1281 anni
1044 1213 1146 1283 solidi

111 1313 195 1395 408,
211 1339 229 1383 a
243 1315 350 1405 Troja
368 1316 481 1384 excisa
500 1317 543 1383 ad
557 1317 702 1408 primam
721 1317 850 1409 olymp.
869 1316 961 1384 utin
981 1335 1148 1409 apparatu
1207 1349 1211 1354 -
1308 1346 1312 1351 ·

110 1421 147 1486 ad
163 1415 327 1488 Chronol.
346 1417 493 1510 Dionys.
508 1421 743 1488 numerandos
760 1420 985 1489 ostendimus.
1001 1419 1147 1492 Addan·

110 1539 157 1588 tur
171 1523 294 1591 deinde
310 1521 405 1614 632,
425 1525 671 1592 adnumerum
692 1522 791 1592 illum
813 1522 1086 1607 absolvendum,
1112 1543 1149 1594 et

111 1627 147 1694 ad
158 1625 280 1718 olymp.
294 1644 415 1708 tvm,
434 1628 475 1709 4,
488 1627 688 1720 pertingent
701 1677 710 1706 ,
724 1649 798 1718 quo
810 1629 954 1696 demum
970 1628 1148 1720 completo
1257 1628 1261 1633 ’

111 1753 189 1820 opus
205 1753 303 1798 suum
319 1747 440 1824 auctor
454 1727 569 1799 Attalo
581 1727 847 1824 inscripserit.¹F
848 1731 916 1800 inis
931 1731 1022 1803 illius
1035 1731 1148 1824 olym-

110 1833 206 1922 piadis
223 1833 258 1900 in
280 1856 412 1902 annum
433 1833 481 1902 U.
504 1831 548 1902 C.
570 1833 669 1902 Varr.
691 1831 790 1914 610,
814 1835 958 1915 incidit,
986 1835 1147 1927 illiusque

109 1932 202 2004 Attali
221 1955 285 2026 ty,
307 1957 372 2029 pro
388 1937 512 2006 nostris
531 1935 676 2021 tabulis,
695 1937 722 2006 si
736 1938 798 2008 illo
813 1938 892 2030 ispo
905 1961 1001 2007 anno
1018 1939 1145 2007 librum

83 2051 86 2057 “
111 2057 217 2108 auctor
233 2040 269 2108 in
285 2039 578 2110 lucememiserit.
595 2040 673 2108 Nec
695 2041 804 2137 longe
818 2041 957 2110 distabit
976 2043 1005 2110 si
1022 2042 1148 2111 saltem

35 2179 39 2188 ι
111 2141 158 2212 illa
176 2143 317 2212 ediderit
333 2145 542 2236 olympiade.
563 2143 613 2214 Ex
631 2145 694 2212 hac
710 2143 1079 2237 epocha-manifestum
1100 2163 1151 2214 est

111 2245 251 2315 Attalum
266 2248 335 2315 hoc
355 2247 392 2315 in
411 2247 492 2316 loco
508 2247 612 2315 alium
631 2271 735 2342 quam
751 2247 944 2316 secundum
962 2245 1150 2332 EumeniS,

111 2372 202 2440 quem
228 2350 322 2431 dixi,
352 2349 490 2420 fratrem
514 2351 663 2448 intelligi
680 2376 725 2421 ne
743 2351 885 2445 quidem
908 2345 1076 2454 potuisse.
1099 2351 1151 2422 Ut

110 2455 243 2544 proinde
260 2473 352 2523 recte
374 2457 417 2523 ad
442 2453 539 2524 illum
561 2455 665 2524 verba
691 2455 840 2525 auctoris
866 2455 975 2524 nostri
999 2455 1153 2524 retulerit

110 2555 145 2624 cl
161 2554 289 2626 Galeus
305 2556 332 2637 ¹.
348 2556 389 2624 In
405 2576 575 2627 eotamen
595 2558 836 2636 hallucinatur,
849 2561 948 2650 quod
959 2561 1053 2628 hunc
1064 2582 1153 2630 eun.-

112 2661 179 2728 detn
190 2659 297 2730 firisse
311 2663 497 2744 censuerit,
507 2663 569 2754 qui
582 2681 615 2731 et
624 2660 764 2732 Galatas
774 2663 916 2746 luderit,
932 2681 966 2732 et
978 2685 1149 2758 magnum

113 2765 267 2860 repulerit
284 2763 512 2834 Antiochum.
534 2765 643 2835 Patris
661 2767 754 2859 enim
776 2765 875 2858 (non
886 2765 970 2850 lilii,
985 2767 1045 2858 qui
1057 2781 1152 2846 pste-

111 2866 219 2947 mun
234 2868 382 2937 nomine
394 2870 539 2966 insignis
553 2887 627 2938 erat
636 2887 651 2948 ,'
662 2889 701 2939 ut
714 2895 734 2938 e
749 2869 936 2939 Plutarcho
949 2871 1051 2938 etiam
1065 2893 1151 2938 con-

111 2985 169 3038 stat
181 2965 247 3049 w*
267 2969 467 3052 praemulta
482 2973 575 3065 yilla
592 2991 689 3042 erant
709 2975 747 3042 in
769 2971 906 3042 Galatas
924 2992 959 3041 et
981 2995 1150 3070 magnum

111 3068 312 3152 Antiochum
337 3073 503 3162 facinora.
530 3076 696 3167 Ejusdem
719 3077 824 3146 aetatis
846 3094 929 3145 nota
951 3095 1035 3156 est,
1053 3080 1151 3168 quod

112 3197 221 3247 auctor
238 3179 318 3258 ille,
351 3180 556 3272 quicunque
582 3183 725 3248 demum
749 3182 778 3249 is
807 3179 931 3260 fuerit,
960 3180 1152 3272 discipulus
1184 3232 1187 3236 -

110 3275 201 3350 fuerit
218 3282 395 3378 Diogenis
416 3285 535 3367 stoici,
554 3285 617 3376 qui
634 3283 781 3352 Romam
801 3285 896 3353 venit
912 3307 1007 3351 anno
1023 3282 1152 3350 Varro-

111 3382 207 3453 niano
226 3409 239 3476 5
247 3409 296 3479 99
309 3412 318 3467 ¹3
341 3387 411 3454 imo
429 3386 634 3468 Aristarchi,
648 3377 948 3481 cuiusdiscipulus
962 3405 1034 3456 erat
1050 3387 1153 3455 etiam
1269 3413 1278 3422 ·

111 3481 306 3560 Ptolemaeus
328 3489 518 3586 Euergetes
533 3489 565 3559 II
579 3541 599 3573 ,.
613 3493 674 3582 qui
691 3509 769 3559 turn
787 3514 933 3582 quoque
951 3513 1032 3560 cum
1052 3488 1154 3558 fratre

112 3585 336 3662 Philometore
355 3615 504 3691 regnum
522 3594 792 3664 administrabat.
809 3595 850 3664 -Is
869 3580 1016 3687 quoque
1033 3592 1154 3662 Philo-

110 3689 174 3789 logi
183 3709 385 3794 cognomen
400 3721 472 3766 non
486 3698 734 3794 designabatur
743 3697 918 3794 Philologi
930 3697 1022 3766 illius
1032 3745 1040 3775 ,
1052 3696 1153 3782 cujus

110 3816 217 3868 noster
234 3801 415 3884 meminit,
438 3801 719 3902 condiscipulus,
737 3802 804 3870 sub
822 3801 981 3894 principe
998 3795 1153 3868 Philolo-

147 3921 270 3986 ¹Ditsert
286 3928 324 3984 de
342 3929 432 4005 script.
453 3926 602 4013 mytholog.
616 3945 675 4005 cap.
690 3929 722 3994 6,
738 3945 797 4004 pag.
809 3937 852 4000 45.
895 3969 898 3981 .
