2834 4659
370 370 545 435 lilllSQllll
573 363 844 431 antonomum.
1084 374 1132 438 77

135 562 152 615 ς.
168 551 229 609 xm
246 552 373 632 Antigoni
387 551 524 609 Gonatae'
517 554 628 607 initium
643 552 673 606 in
687 548 849 648 Aiacodonie
867 569 929 605 ann.
949 546 1029 609 Varr.
1047 555 1116 645 476,

487 627 587 703 olymp.
606 628 734 701 ειιινξ.

50 860 52 882 .
88 843 95 863 ,
157 780 305 853 Sedvero
322 785 459 857 initium
473 782 647 881 Antigoni
664 780 926 863 Gooatae',vivo
946 784 1136 853 etiamnum
1250 772 1254 791 '

122 904 196 977 pane
215 886 405 970 Demetrio,
431 889 477 957 ad
496 907 648 984 regnum
676 883 815 955 Graeciae
841 885 1046 979 spectabat,
1062 908 1136 956 non

122 1012 185 1058 vero
202 992 423 1062 Macedonia.
444 991 521 1079 Qui
538 1009 656 1059 tamen
678 1013 741 1059 rex
762 1007 834 1059 erat
849 990 951 1059 etiam
972 990 1137 1067 Macedo

123 1093 171 1159 nie
194 1113 264 1166 cum
289 1096 390 1165 Zerto
414 1096 601 1196 stoicorum
631 1111 729 1187 pater
755 1116 887 1163 annum
891 1112 1039 1193 ageret
1064 1096 1140 1168 vitae
1180 1128 1199 1145 .-

114 1200 358 1293 octogesimum.
388 1193 522 1269 Alius‘
512 1183 629 1291 itaque
654 1215 809 1291 superest
832 1196 947 1283 labor,
973 1216 1013 1267 ut
1037 1200 1140 1295 tegni

122 1302 333 1372 macedonici
322 1303 460 1373 mitiurn'
480 1310 659 1383 eruamus,
681 1324 752 1393 qua
769 1302 911 1393 quidem
925 1302 1005 1371 licet
1019 1328 1065 1373 ex
1078 1306 1141 1373 ho·

120 1402 222 1475 diemo
237 1407 485 1475 monumentis,
504 1402 561 1475 Sic
573 1405 667 1475 enim
688 1405 821 1498 optime
837 1404 1120 1501 intelligemus
1094 1430 1140 1476 sr-

121 1509 668 1605 ommni-Zenonispctogosimi,
682 1526 716 1579 et
728 1530 773 1575 an
795 1508 966 1579 natalibus
981 1512 1139 1603 ejusdem

121 1607 257 1682 hactenus
272 1610 461 1711 designatis
476 1615 700 1707 respondeat.
723 1611 870 1731 Regni
860 1636 897 1681 tn
918 1610 1068 1683 Graecia
1076 1638 1141 1683 nu·

121 1734 231 1799 meros,
255 1736 486 1811 anteaquam
510 1716 722 1785 Macedonia
743 1716 912 1808 potiretur
930 1718 1140 1814 Antigonus
1218 1732 1227 1743 ”

120 1810 270 1903 Gonnus,
296 1820 465 1891 habemus
483 1822 584 1891 duos.
603 1819 737 1889 Decem
760 1816 868 1891 fuisse
888 1844 1000 1891 annos
1018 1832 1141 1891 auctor
1159 1830 1166 1840 '

120 1937 172 2003 est,
186 1922 239 1993 ubi
259 1949 364 2019 supra
384 1923 604 2018 Porphyrius.
623 1920 680 1993 Sic
696 1922 799 1993 annis
815 1941 941 1995 xxxiv
962 1926 999 1993 in
1021 1926 1141 1995 Mace-

119 2023 203 2097 donia
217 2029 380 2126 regnarit.
397 2028 444 2097 Et
462 2026 591 2122 olymp.
603 2019 773 2125 cml}
800 2028 949 2119 proinde
968 2029 1139 2099 Macedo·

120 2125 169 2193 niae
186 2152 330 2228 regnum
352 2132 479 2208 inierit.
503 2131 690 2226 Dexippus
711 2132 895 2200 duodecim
914 2132 1005 2215 iilius
1026 2157 1140 2205 annos

120 2245 271 2319 numerat,
281 2235 411 2330 quibus
422 2236 577 2332 regnarit
588 2236 625 2303 in
635 2231 784 2315 Graecia,
799 2246 872 2302 turn
887 2236 1015 2305 deinde
1029 2252 1141 2309 annos

119 2341 335 2409 antummodo
352 2351 451 2409 xxiv
469 2339 597 2431 quibus
614 2336 862 2409 Macedoniam
879 2340 1029 2409 tenuerit
1041 2340 1142 2411 Anti-

120 2459 221 2530 gonus.
236 2440 293 2513 Sic
312 2445 412 2513 annis
433 2446 598 2512 duntaxat
612 2446 736 2514 xxxvl
757 2462 938 2537 regnasset
951 2442 988 2511 in
1004 2445 1140 2518 univer·
1241 2504 1253 2531 ,

117 2549 298 2663 tum,quod
308 2571 374 2617 nos
386 2546 607 2617 falsissimum
624 2545 984 2638 fuisseprobavimus.
1006 2546 1055 2616 lta
1068 2571 1139 2616 coe-

115 2664 187 2732 pent
195 2673 229 2719 tn
240 2648 373 2721 Graecra
384 2650 513 2744 olymp
526 2652 686 2721 cxxvt-
667 2650 734 2738 in
747 2649 960 2719 Macedonia
973 2656 1141 2744 cxxrrt‘,

114 2763 141 2813 et
149 2753 281 2823 imnum
289 2754 381 2827 iilius
394 2756 519 2836 fuerit,
532 2777 618 2822 non
632 2770 730 2873 patre
746 2750 926 2823 Demetrio
937 2758 1141 2847 superstite,

114 2854 163 2920 sed
172 2860 284 2929 multis
295 2861 340 2929 ab
350 2858 442 2929 illius
458 2875 567 2929 morte
578 2858 689 2926 annis.
701 2853 900 2948 Suspicatus
918 2866 1011 2927 eram
1027 2860 1114 2933 hoc‘
1104 2881 1174 2957 inl

112 2950 334 3033 locoerrorem
343 2962 496 3061 aliquem
506 2960 611 3031 fuisse
623 2957 749 3030 scribae.
758 2958 983 3031 Sedauctoris
994 2974 1141 3055 errorem

111 3054 324 3158 fuisseprodit
336 3053 525 3149 Eusebius,
540 3088 605 3157 qut
597 3064 733 3133 ''hunc
724 3086 838 3157 tpsum
856 3088 1048 3135 numerum
1053 3050 1143 3137 exiri

110 3161 293 3260 berquibus
310 3171 462 3267 regnarit
484 3170 521 3239 in
539 3168 768 3249 Macedonia,
787 3190 868 3235 curn
886 3186 1000 3239 tamen
1018 3172 1142 3241 calculi

111 3267 187 3339 illius
208 3292 368 3343 auctores
395 3296 580 3343 numerum
607 3270 706 3341 illurn
731 3272 833 3387 regni
859 3272 1011 3341 universi
1036 3272 1142 3344 fuisse

110 3375 341 3447 existimarent
354 3377 508 3448 Proinde
520 3394 711 3446 rauocrnrrs
720 3394 908 3473 utrumque
920 3376 1016 3445 illum
1026 3400 1143 3448 nnme-
1205 3383 1207 3387 ’

109 3498 178 3547 rum
185 3482 374 3566 dehemus,
390 3499 460 3550 tam
476 3474 635 3589 Dexippi
644 3480 707 3573 qui
721 3484 781 3549 llll
796 3502 907 3548 annos
918 3496 1023 3577 regni
1014 3477 1144 3551 fuisse
1192 3499 1209 3545 κ

110 3586 245 3667 asserit,
252 3608 359 3677 quam
382 3585 496 3655 etiam
485 3580 667 3666 Eusebii,
692 3582 752 3675 qui
771 3600 894 3653 XXXVI
920 3583 1011 3653 iliius
1031 3608 1143 3655 annos

109 3680 202 3757 fuisse
226 3707 349 3760 censet
368 3689 531 3781 quibus
521 3710 578 3761 tu
589 3687 663 3781 ipsa
682 3686 837 3783 regnarit
862 3688 1085 3757 Macedonia.
1108 3686 1144 3758 Si

110 3792 175 3878 quis
185 3816 279 3891 ergo
284 3801 453 3892 numerus
467 3792 512 3861 ab
523 3790 699 3862 historicis
706 3789 874 3858 emanarit
888 3792 1143 3876 monumentis,
1251 3807 1255 3815 ‘

111 3894 259 3983 priorem
268 3889 388 3993 potius
405 3895 602 4013 genuinum
620 3892 849 3973 existimarim.
871 3890 925 3963 Sic
950 3912 1065 3965 autem
1089 3898 1145 3963 ln-
