2834 4659
38 329 42 339 “
130 353 137 359 ’
247 358 292 426 30
451 333 714 413 nisseursrro
742 356 796 443 oe
825 356 1095 431 nrcnsncno,

239 482 365 531 nesum
389 482 551 528 emensus
577 474 651 537 est,
673 457 711 525 in
736 459 851 530 animo
872 460 1020 540 habens.
1038 457 1181 553 Scripsit
1206 478 1294 581 ergo

124 564 126 566 ’
240 581 322 632 ante
347 561 441 631 illum
467 560 743 653 Xenophontem
765 582 894 633 noster
920 560 962 633 Et
983 565 1050 633 hoc
1071 562 1160 655 forte
1183 568 1295 635 nostri

242 686 331 757 opus
352 666 522 754 estquod
543 665 610 733 sub
629 666 792 757 praedicto
815 665 914 735 titulo
937 667 1133 762 designavit
1154 664 1292 745 Suidas.

196 778 199 782 “
240 769 363 837 lnnuit
385 786 501 837 autem
527 787 645 837 noster
665 792 722 848 se,
749 788 850 839 antea
878 792 1001 861 quam
1014 767 1083 855 haec
1109 793 1294 841 commen-

158 881 161 887 '
201 952 204 960 .
241 885 381 953 teretur,
396 870 699 964 Peloponnesum,
712 871 854 947 saltem'
844 896 882 940 tn
896 872 1037 967 tabella,
1053 874 1293 967 descripsisse.

158 1025 164 1034 ,
199 987 201 996 ”
239 974 288 1048 Et
297 992 442 1068 propter
457 977 564 1056 hanc,
582 991 623 1041 ut
637 974 791 1055 sudetur
803 966 932 1043 finium
949 957 1041 1044 illius
1056 979 1291 1077 aerumnam,

242 1081 409 1168 maiorem
434 1078 644 1171 pollicetur
635 1100 673 1144 m
691 1075 958 1203 Peloponneso,
978 1101 1084 1169 quam
1108 1080 1145 1149 in
1170 1079 1245 1165 aliis
1272 1105 1292 1149 a

179 1204 182 1211 ·
241 1206 279 1250 se
300 1182 479 1273 descriptis
503 1180 722 1275 regionibus,
741 1172 904 1259 desidero.
924 1180 1000 1267 lmo
1021 1182 1065 1251 ab
1086 1181 1161 1265 illa,
1184 1206 1300 1277 quam¹
1402 1196 1403 1211 ¹

241 1288 278 1353 in
296 1285 546 1377 Peloponneso
566 1284 781 1375 praestiterat,
800 1306 906 1377 opera
925 1285 1143 1353 occasionem
1167 1287 1294 1357 sumsit

241 1390 355 1482 primo
382 1390 492 1480 ipsam
524 1385 836 1478 Peloponnesum,
866 1405 940 1471 tum
964 1384 1132 1472 Graeciam
1157 1379 1290 1471 amm,

242 1492 375 1562 tabellis
398 1490 629 1560 describendi.
655 1490 797 1573 Quibus
817 1514 881 1583 pro
903 1508 984 1560 voto
1004 1491 1290 1577 succedentibus,
1402 1506 1403 1589 3

216 1596 323 1679 ,alias
343 1616 489 1686 quoque
507 1593 601 1661 orbis
617 1593 784 1673 civitates,
803 1617 873 1685 qua
897 1594 946 1662 illi
969 1597 1067 1665 erant
1086 1595 1292 1689 exploratae,
1340 1620 1343 1626 ·
1402 1594 1403 1655 l

241 1699 323 1767 huic
336 1698 433 1789 operi
449 1696 637 1787 subjunxit.
655 1692 711 1765 Sic
726 1698 820 1787 enim
833 1697 992 1794 intelligo
1004 1698 1110 1786 xverba
1122 1699 1196 1787 ejus
1208 1699 1268 1769 illa
1284 1727 1293 1769 ι

417 1907 420 1914 ,
456 1846 678 1930 ’Υποπτῖομέιας
692 1848 780 1933 ’ταύτῃ
796 1846 829 1912 Ji
840 1848 965 1936 πὶςὲξὶἷς
975 1854 1071 1922 m‘rterc.

242 1962 439 2070 Nec-enim
463 2016 556 2080 tum,
580 2022 661 2067 cum
687 1998 852 2067 scriberet
876 1998 1093 2085 Dicaearchus
1109 1999 1292 2091 ,Helladi

241 2105 405 2194 subjectae
419 2121 517 2174 erant
532 2102 597 2171 illae
609 2101 774 2177 civitates.
797 2100 944 2193 Quippe
961 2124 1038 2193 quac
1054 2102 1129 2193 ipsa
1148 2103 1294 2193 parebat
1339 2194 1341 2199 Α

243 2206 501 2287 Macedonibus
518 2223 613 2275 extra
632 2201 825 2295 Helladisa
843 2204 1047 2275 Dicaearcho
1059 2205 1237 2299 descripta
1252 2205 1293 2273 li·
1402 2282 1403 2289 ἵ

243 2313 343 2383 mites
355 2305 780 2391 constitutisfrmetettam
795 2332 880 2405 ergo
892 2309 1073 2403 dicuntur,
1087 2310 1185 2401 quod
1197 2304 1295 2377 Grae-
1402 2300 1403 2365 l

243 2418 359 2506 ciam,
385 2418 534 2506 ejusque
558 2413 738 2497 civitates,
765 2411 905 2531 relhquis
927 2413 975 2487 in,
988 2412 1071 2481 orbe
1095 2412 1294 2509 civitatibus

244 2519 414 2599 universis
434 2516 657 2608 praeposuerit
681 2517 718 2584 in
738 2539 851 2608 opens
875 2516 928 2584 sui
955 2516 1042 2585 serie
1062 2514 1292 2585 Dicaearchus.
1402 2602 1403 2615 ἵ

245 2623 342 2691 Hinc
353 2619 602 2713 intelligimus,
598 2619 683 2703 hoc,
696 2621 739 2691 de
751 2642 824 2711 quo
837 2620 989 2717 agimus,
1005 2642 1094 2715 opus
1111 2620 1294 2689 metricum
1402 2692 1403 2723 ,

245 2747 320 2804 non
341 2720 480 2793 Graeciae
499 2718 605 2789 fuisse
616 2720 756 2807 solius,
780 2740 816 2791 ut
840 2740 912 2791 erat
932 2721 1019 2791 illud
1017 2724 1151 2819 quod
1159 2725 1203 2791 de
1223 2724 1303 2791 vita·

245 2827 379 2920 scripsit
409 2822 573 2903 Graeciae3
602 2826 664 2892 sed
691 2825 784 2894 orbis
807 2826 946 2917 potius,
979 2850 1048 2917 qua
1074 2816 1304 2919 compertum
1402 2822 1403 2875 t

241 2932 344 3015 illum
359 2928 522 3009 habebat,
541 2928 706 2999 universi
724 2928 835 3021 ldque
858 2929 961 3023 plane
979 2952 1121 2998 necesse
1138 2948 1226 3010 erat,
1253 2948 1297 2999 ut
1402 2954 1403 2959 ¹

144 3033 146 3036 ’
245 3034 473 3127 responderet
501 3029 631 3103 tabulis
657 3032 813 3130 ejusdem
840 3032 995 3101 similiter
1024 3032 1292 3104 universalibus.

223 3185 225 3188 -
245 3138 339 3206 Nam
353 3154 467 3228 partes
484 3133 576 3202 orbis
594 3125 825 3206 occidentales
841 3153 875 3204 et
891 3136 1198 3229 septentrionales
1188 3159 1296 3231 rgno-
1367 3134 1368 3141 '

110 3270 113 3274 ·
201 3231 713 3324 >rasseconstateStrabone¹
729 3224 1007 3337 εέκιίνὼβηῳιίῑ,
1027 3238 1294 3331 Eratosthenem

131 3412 134 3416 J
234 3330 509 3467 ⁴Intelligens)
476 3340 566 3433 μου.)
583 3338 756 3436 Δρκωιφχῳ
771 3338 988 3429 wyliaipu,“
940 3370 999 3417 aare
1010 3372 1050 3429 pn
1041 3336 1211 3437 nandhilda
1228 3336 1298 3421 artic

245 3440 342 3521 rimu
365 3440 496 3517 iudaeus.
513 3444 604 3513 Mox
615 3468 701 3541 ergo
718 3447 886 3515 immanes
907 3445 1124 3515 Dicaearchi
1114 3470 1151 3514 m
1168 3419 1295 3517 harum
1342 3464 1345 3475 ’

173 3637 175 3642 ¹
245 3566 393 3643 paruum
403 3547 591 3616 mtervallts
601 3571 732 3618 errores
742 3544 1042 3644 perstringrtrdem
1052 3547 1183 3619 Strabo
1192 3546 1297 3617 Idem

169 3711 172 3716 .
245 3656 290 3723 de
302 3651 488 3719 Dtcaearcht
504 3650 628 3720 tabulis
644 3651 1110 3778 supponitAgathemerus².
1129 3652 1297 3722 Formam

246 3776 340 3826 terra:
358 3744 524 3824 universae
546 3756 583 3822 in
603 3752 866 3851 longitudine
852 3748 980 3838 ημιῦλιον
1000 3756 1188 3825 latitudinis
1217 3780 1299 3825 cre·

259 3889 1180 3969 ¹S.trabl1bu,.pagroslp.163,D).-²Agathem.lib.,1
1197 3888 1303 3968 capi
