2834 4659
707 187 715 217 ι
803 205 807 210 .

418 323 596 395 rtosoua
625 328 896 386 rnaoururrs.
1166 339 1179 402 5

160 424 263 513 sapher
279 417 446 502 aThebis¹
455 433 731 530 cognominibus
745 433 819 503 aliis
832 432 970 503 Thebas
986 432 1059 503 illas
1076 435 1185 503 inter-

164 538 329 607 noscendas
350 538 512 624 censuit,
537 560 615 629 quae
634 538 743 633 vulgo
766 536 895 607 Thebae
922 538 989 613 rur’
1015 532 1126 625 ὅξιχιὶι
1151 557 1186 607 et

166 638 276 714 Bsotiae
297 640 462 733 appellari
485 640 656 710 solebant.
681 640 871 737 lamergo
898 664 1027 737 magna
1046 660 1189 733 ceperat

168 742 350 813 incrementa
376 745 461 813 urbs
482 745 541 814 illa
562 747 584 812 'a
612 742 812 813 Cassandro
843 742 1186 840 magnificentissime

170 847 292 917 restituta
307 850 344 918 in
359 848 480 916 odiunt
498 848 685 917 Alexandri
704 848 855 943 Magni,
880 870 988 939 aquo
1002 847 1115 917 fuerat
1129 872 1187 917 ex·
1230 890 1242 910 s

171 947 240 1031 cira,
257 954 345 1043 quod
361 952 490 1045 olymp.
510 968 624 1034 cxvl,
657 974 694 1032 ι,
720 952 837 1021 tribuit
859 951 1049 1020 Diodorus.
1076 950 1185 1043 Anno

171 1050 299 1123 nimirum
315 1056 358 1124 ab
375 1058 533 1145 ejusdem
558 1055 654 1125 urbis
674 1055 741 1141 sub
762 1054 960 1123 Alexandro
982 1053 1088 1123 clade
1104 1060 1185 1137 xxff,

171 1160 391 1251 quamquidem
401 1160 533 1228 cladem
547 1157 675 1249 olymp.
685 1176 767 1237 CXI,
781 1180 819 1237 2,
835 1159 925 1227 idenr
938 1160 1093 1256 assignat
1102 1158 1189 1227 Dio-

173 1258 262 1330 dorus.
276 1263 418 1331 Annum
446 1286 532 1360 ergo
557 1266 626 1331 xx¹¹
629 1261 841 1359 mintelligit
869 1260 1054 1330 labentem.
1086 1258 1190 1331 Hanc
1246 1290 1254 1297 ·

171 1381 254 1449 tpsant
261 1366 387 1435 cladem
401 1389 536 1461 nupera
549 1366 714 1435 memoria
728 1362 834 1434 fuisse
848 1382 1057 1458 supponunt
1069 1384 1189 1437 aucto·
1200 1430 1204 1437 .
1246 1346 1252 1369 s

172 1462 205 1531 ris
221 1468 322 1553 verba,
348 1495 378 1539 st
368 1471 535 1563 'quidem
554 1470 646 1539 idern
663 1468 766 1538 fiterit
777 1470 945 1562 pedestris
967 1470 1104 1562 operis,
1130 1471 1190 1561 qui

171 1568 293 1652 soluti,
296 1593 425 1643 auctor.
444 1571 501 1643 Sic
526 1574 619 1642 enim
647 1575 692 1641 de
714 1574 801 1641 urbe
825 1569 1023 1641 Thebana'
1046 1573 1188 1643 scribit:

168 1664 278 1796 Λρχιιῒιι
297 1705 350 1759 μιν
371 1706 458 1759 ουιιι,
482 1678 581 1753 marris
605 1668 639 1743 ll
657 1671 893 1770 ἰρῥυμῶιμιιάνιι
911 1670 966 1745 ul
981 1671 1011 1743 ai
1030 1674 1095 1763 apic
1110 1672 1188 1757 lu,

165 1765 195 1850 ὅς
215 1798 341 1867 tauro
329 1776 513 1863 lo‘loeras,
541 1775 741 1859 ιινιισώθιὶ
772 1777 944 1849 Recenset
966 1776 1059 1849 urbis
1085 1782 1188 1871 hujus
1295 1782 1297 1789 '

165 1877 259 1951 clades
271 1884 348 1953 alias
357 1884 538 1955 Diodorus
549 1934 558 1965 ,
570 1908 647 1976 quae
664 1885 707 1951 ad
720 1884 815 1951 hunc
829 1907 1011 1953 numerum
1022 1884 1190 1979 supplen-

167 1984 233 2051 dum
253 2006 410 2079 poterant
431 2012 507 2060 nort
535 1988 759 2059 incommode
785 1986 928 2059 referri.-
946 1988 1190 2081 Quascunque

167 2103 263 2158 tamen
280 2094 410 2184 priores
433 2092 529 2164 urbis
547 2091 723 2161 Thebanae
740 2091 953 2185 direptiones
975 2092 1133 2161 hahuerit
1152 2094 1191 2161 in

168 2192 265 2259 animo
280 2196 516 2276 Dicaearchus,
542 2196 639 2265 tertia
654 2212 745 2265 certe
769 2196 837 2262 haec
854 2194 958 2286 (quae
979 2195 1051 2262 sola
1069 2198 1113 2273 ad
1131 2218 1193 2263 no-

169 2309 255 2363 straru
266 2322 399 2369 causam
413 2298 511 2383 facit,
537 2320 717 2391 quamque
732 2291 828 2373 ιιιιιῆι
843 2294 950 2365 fuisse
971 2296 1107 2389 innuit)
1127 2298 1193 2366 alia

172 2416 308 2470 essenon
327 2404 443 2497 potuit
464 2402 507 2473 ab
531 2427 572 2471 ea
594 2425 700 2494 quarn
720 2423 818 2494 passa
841 2418 892 2469 est
907 2398 971 2469 suh
991 2400 1192 2485 Alexandro

170 2498 295 2597 Magno.
313 2507 439 2576 Annos
463 2508 557 2575 enim
582 2506 804 2601 octingentos
820 2522 977 2573 numerat
988 2504 1193 2589 Diodorus,

170 2604 276 2691 quihus
287 2610 451 2681 inviolata
463 2610 597 2691 fuerat,
619 2633 700 2678 curn
715 2604 972 2677 exscinderetur
988 2610 1031 2677 ab
1046 2608 1195 2677 Alexan·
1265 2686 1268 2689 ,

170 2703 230 2777 dro.
240 2710 338 2782 Nulla
352 2738 438 2811 ergo
453 2733 525 2783 erat
539 2714 654 2783 clades
670 2714 776 2805 prior,
794 2736 868 2803 quae
883 2706 961 2789 ιιιιιιὶ
980 2714 1115 2782 censeri
1128 2738 1193 2806 po-

170 2814 264 2884 tuerit.
283 2816 388 2886 Nulla
403 2837 496 2887 certe
512 2842 591 2910 quae
609 2841 749 2885 ⁴causarn
769 2819 851 2884 dare
869 2817 1021 2908 potuerit
1039 2840 1101 2885 cur
1127 2817 1196 2886 vici

168 2912 243 2985 illius
257 2944 384 2990 novum
402 2922 439 2991 in
453 2945 585 2991 morem
606 2936 888 2989 restaurarentur.
909 2920 1068 2990 Historiae
1083 2944 1193 3015 ergo,

168 3040 228 3087 non
239 3020 345 3105 famae,
356 3047 431 3093 non
442 3027 496 3094 sui
504 3023 613 3096 seculi
622 3022 880 3104 traditionibus,
894 3024 1025 3094 excidia
1033 3023 1092 3091 illa
1104 3026 1194 3093 anti·

169 3123 274 3211 quiora
289 3129 404 3197 retulit
418 3148 559 3221 accepta
578 3127 810 3203 Dicaearchus.
832 3124 1011 3194 Convenit
1033 3151 1138 3219 porro
1157 3130 1210 3209 in,
1261 3196 1268 3205 ,

162 3224 243 3296 hanc
257 3232 390 3323 potius,
409 3256 486 3323 quae
501 3250 605 3300 erata
622 3229 844 3309 Cassandro,
873 3230 967 3300 urbis
979 3231 1198 3299 instauratio·
1291 3304 1294 3310 ,

164 3351 253 3414 nem,
275 3336 461 3453 appellatio
474 3332 623 3417 rufinus,
647 3357 752 3426 quam
770 3334 806 3400 in
828 3332 928 3400 aliam
946 3336 1104 3425 quamvis
1119 3358 1199 3430 quae

48 3477 49 3483 κ
160 3435 291 3524 quidem
322 3439 477 3557 potuerit
501 3440 719 3507 innotescere
749 3436 958 3505 Dicaearcho
984 3436 1075 3504 Tum
1104 3440 1199 3506 enim

155 3539 379 3611 urbisveteris
403 3525 570 3612 ambituin
591 3542 786 3611 universum
811 3540 990 3633 impletum
1009 3560 1082 3609 esse
1104 3540 1199 3609 testis

152 3660 204 3713 est
218 3631 456 3715 Pausanias:
449 3643 665 3725 sterculus,
655 3643 790 3735 rnquit,
812 3636 852 3709 hel
865 3670 916 3723 μιν
933 3636 1108 3735 Keraulrdpa
1113 3643 1166 3717 πᾶς
1185 3643 1198 3709 t

150 3737 274 3845 ripxasor
287 3746 447 3838 melecta:
460 3743 617 3835 ιίιῳιάιθι
638 3748 767 3817 Merito
783 3770 870 3844 ergo
883 3747 1015 3818 Thebae
1032 3747 1114 3828 illae,
1134 3770 1199 3839 pro

32 3844 35 3874 l

178 3885 262 3962 ¹Prg.
280 3895 327 3959 14,
344 3906 351 3939 ι
360 3902 376 3959 5
388 3929 396 3953 ,
407 3883 489 3941 Huds.
510 3917 558 3945 -,
567 3885 580 3910 ²
589 3882 697 3942 Pausan.
711 3882 785 3943 Boot.
798 3902 855 3961 cap.
868 3905 896 3959 7.
