2834 4659
130 363 132 366 ⁸
223 388 296 470 salo
447 406 709 458 ntssaararro
738 406 790 459 na
813 402 1088 473 ureniheim,
1169 368 1173 374 ⁵

246 512 413 602 prosaici,
436 495 534 601 quod
552 533 615 577 nos
635 506 800 579 librorum
823 512 866 578 de
883 514 947 579 vita
965 509 1104 580 Graeciae
1120 508 1297 654 fragmen

246 633 319 681 tum
343 636 417 717 esse
438 612 674 705 probavimus
733 681 742 697 ἱ

247 724 317 849 ς.Χ.
332 783 363 840 ln
378 802 461 873 opere
473 798 586 840 metrico
600 782 691 839 locum
703 778 838 843 habebant
850 786 954 853 rusulae
973 801 1000 843 et
1017 782 1226 865 Peloponnesus,
1238 805 1299 867 quae

205 921 209 948 =.
267 859 299 915 ad
312 859 446 915 Graeciam
459 878 514 913 non
527 856 682 935 spectabant
692 879 706 913 a
716 853 892 915 Dicaearcho'
885 880 912 916 ιιι
925 864 979 917 vita
987 861 1100 917 Graeciae
1109 858 1277 939 descriptam.

228 1036 234 1042 ’
300 1014 494 1107 Utcunque
514 1035 646 1098 tamen,
664 1016 747 1085 licet
766 1018 898 1085 metrici
922 1018 1037 1109 operis
1061 1017 1229 1109 pleraque
1253 1021 1296 1086 ad

248 1118 414 1198 Graeciam
441 1135 596 1212 spectare
623 1118 750 1199 fateor,
776 1138 860 1189 sunt
883 1120 1108 1189 nihilominus
1135 1122 1235 1195 etiam
1258 1122 1297 1190 in

247 1224 307 1291 illo
328 1222 501 1291 nonnulla
516 1223 628 1291 aliena
641 1244 783 1315 prorsus
797 1224 840 1291 ab
853 1222 1012 1292 Hellade.
1031 1221 1128 1303 Nihil
1145 1226 1188 1293 ad
1202 1224 1297 1301 illam

249 1326 451 1418 spectabant
469 1325 692 1417 insulaequas
714 1326 750 1393 in
774 1322 845 1394 fine
863 1326 1177 1422 legimusseeundi
1202 1324 1297 1425 frag.-¹
1392 1312 1393 1385 X

248 1431 373 1509 menti,
394 1453 482 1521 quas
502 1449 618 1497 tamen
636 1430 738 1522 primi
755 1430 870 1521 operis
885 1430 1016 1499 metrici
1030 1428 1301 1510 firissevinctmt
1392 1482 1393 1495 .

248 1551 283 1601 et
306 1535 404 1602 metri
425 1533 551 1625 quibus
576 1534 840 1624 concipiuntur,
859 1552 893 1601 et
912 1533 1030 1601 titulus
1056 1534 1091 1603 in
1117 1532 1188 1613 line
1212 1534 1298 1611 sub·
1392 1590 1393 1619 ,

138 1671 140 1678 ι
249 1640 378 1725 jectus,
403 1654 437 1724 et
465 1637 642 1730 promissae
666 1635 856 1731 fragmenti
878 1637 1000 1730 prioris
1028 1636 1130 1705 initio
1148 1636 1297 1715 insulare

249 1753 300 1809 vs.
330 1739 384 1820 14.
408 1738 515 1808 Plane
533 1756 647 1807 tamen
664 1757 758 1810 extra
779 1736 868 1809 fines
890 1737 1029 1809 Graeciae
1046 1740 1110 1821 illae
1132 1756 1226 1808 erant
1246 1741 1300 1808 in-

221 1935 223 1942 ,
251 1844 350 1923 sulae,
370 1854 441 1935 qua
464 1840 632 1911 Graeciam
651 1842 739 1912 infra
756 1840 970 1915 Thessaliam
994 1844 1050 1911 vel
1077 1842 1316 1939 Magnesiam.
1392 1858 1393 1887 X

251 1947 427 2016 concludit
445 1946 673 2015 Dicaearchus.
694 1945 790 2015 Nihil
809 1950 852 2013 ad
870 1944 1038 2017 Gratiam
1059 1947 1134 2039 ipsa
1152 1957 1299 2039 quoque
1392 1986 1393 2033 ι

251 2048 537 2143 Peloponnesus,
555 2074 634 2142 jquae
647 2048 766 2118 locum
787 2048 935 2119 habebat
955 2052 992 2120 in
1011 2041 1189 2143 Ἀναγραφῇ
1211 2074 1301 2143 prae·
1392 2054 1393 2125 ξ

134 2239 139 2248 .
252 2154 501 2246 cipuum,ips0
522 2173 659 2229 auctore
679 2170 784 2233 teste,
801 2176 851 2221 vs.
874 2150 1299 2245 15.1nHe11adenu11um
1392 2142 1393 2237 l

251 2258 377 2333 hahere
395 2258 526 2349 potuit,
542 2258 741 2349 nequidem
757 2256 878 2338 laxiori
891 2257 1069 2345 illosensu
1087 2271 1160 2349 quo
1174 2254 1299 2325 vocem

251 2352 347 2446 illam
362 2363 541 2454 usurpavit
555 2357 591 2429 in
603 2362 781 2455 opere‘de
798 2360 867 2435 vita
883 2358 1033 2431 Graeciae.
1053 2359 1145 2429 Nam
1166 2384 1185 2429 a
1201 2358 1302 2429 Pelo·

250 2488 414 2557 ponneso
427 2463 595 2533 Graeciam
608 2454 796 2547 exorditur,
813 2465 888 2557 ipsa
901 2464 1066 2585 nimirum
1081 2463 1220 2533 exclusa
1237 2460 1302 2531 Pe-
1392 2482 1393 2519 ι

252 2566 483 2668 loponneso.
490 2563 549 2632 Arri
564 2560 772 2637 ntaomrrrloao
788 2562 832 2645 alr
849 2562 947 2663 ἅρχιῐι
964 2564 1302 2659 aeddr,rnqu1t1pse
1392 2576 1393 2605 ³

253 2663 484 2754 Dicaearchus.
510 2668 566 2739 Sic
593 2671 710 2740 illum
720 2671 888 2741 intellexit
909 2690 1029 2751 auctor
1061 2670 1303 2762 (quicumque
1392 2660 1393 2737 l

173 2805 183 2817 ι
249 2774 429 2841 demum
419 2798 448 2842 rs
464 2753 600 2870 fuerit)
631 2776 696 2867 qui
718 2776 785 2843 haec
812 2796 958 2867 operum
989 2793 1056 2851 tam
1087 2774 1300 2842 diversorum

247 2876 469 2973 ‘fragmenta
460 2896 560 2955 mter
565 2902 602 2947 se
613 2879 796 2951 commisit.
812 2878 987 2948 Perductis
997 2879 1093 2959 enim
1109 2878 1172 2971 ad
1163 2877 1308 2957 mitium
1392 2916 1393 2973 3

254 2978 493 3101 Peloponnesi
509 2982 642 3065 metris,
645 2974 836 3107 sictpergit
848 3001 890 3051 ex
901 3004 1007 3075 opere
1019 2984 1063 3051 de
1078 2982 1147 3061 vita
1164 2977 1304 3049 Graeciae
1392 2984 1393 3049 3

166 3084 170 3086 ’
254 3086 448 3176 prosaico:
478 3086 608 3162 ἐιιιυιιιι
633 3081 676 3165 εἰς
696 3078 726 3151 al
750 3082 920 3169 Ἀθηναίων
939 3086 1043 3166 ιιιιιιιι
1072 3078 1156 3161 alm.
1165 3082 1303 3166 Quasi
1392 3088 1393 3149 3

235 3185 355 3271 ‘flexis
367 3190 532 3281 deinceps
545 3188 700 3271 habenis,
717 3212 761 3259 ne
775 3206 869 3259 extra
882 3187 1018 3259 Graeciae
1031 3214 1050 3258 a
1065 3213 1102 3259 se
1114 3187 1304 3283 designatae
1392 3176 1393 3237 X

257 3292 350 3382 oleas
383 3311 599 3387 evagaretur.
633 3292 841 3367 Collectoris
871 3292 963 3377 enim
987 3293 1046 3361 vel
1070 3290 1306 3367 commissoris

256 3395 482 3487 deprimario
505 3415 647 3465 auctore
668 3397 846 3488 loquentis
863 3396 969 3466 verba
985 3396 1042 3465 illa
1063 3395 1179 3488 potius
1195 3390 1304 3477 ¹fuisse
1392 3420 1393 3439 ι

256 3500 433 3593 suspicor,
446 3522 552 3591 quam
568 3500 677 3592 ipsius
690 3498 891 3579 Dicaearchi.
914 3497 1041 3569 Similia
1060 3498 1125 3579 alia
1143 3496 1305 3589 exempla
1392 3536 1393 3595 ι

98 3616 125 3675 j
153 3606 155 3610 ’
255 3601 430 3693 loquentis
445 3602 638 3697 collectoris
658 3605 694 3671 in
707 3601 905 3698 fragmento
922 3605 967 3672 de
979 3621 1101 3685 monte
1119 3600 1217 3669 Pelio
1239 3599 1305 3667 ob-
1392 3646 1393 3689 ,

235 3729 238 3734 ’
256 3706 401 3773 servavit
430 3706 472 3774 cl.
497 3705 684 3775 Fabricius.
710 3704 766 3776 Sic
786 3706 919 3777 Plinius
936 3707 942 3737 ¹
959 3758 968 3791 ,
986 3710 1126 3801 utrinque
1148 3700 1306 3774 lateribus
1392 3764 1393 3791 ,

223 3900 227 3909 Ι
255 3826 395 3906 angusta
414 3815 527 3879 cervice
551 3810 801 3904 Peloponnesum
819 3814 989 3909 contingere
999 3808 1155 3917 Helluda
1174 3804 1304 3901 scribit.

294 3942 379 4000 'Plin
392 3940 462 4001 Hist.
471 3962 521 4001 nar.
535 3943 580 4003 lib.
591 3945 633 4012 tv,
645 3963 702 4022 cap.
712 3956 739 4016 4.
