2834 4659
265 391 334 483 548
528 432 531 437 -
625 401 942 456 nortorntrourss

258 503 299 568 ad
317 506 569 587 septentrionem,
589 518 643 562 aut
661 500 769 563 saltem
787 500 842 566 hos
858 520 981 583 campos
996 498 1087 564 latius
1104 524 1208 571 versus
1226 516 1302 578 mare

170 652 172 660 s
258 606 370 674 palere.

303 693 371 757 1¹57.
394 664 541 753 Ζεφύριον]
561 668 755 750 (Laudatum
774 667 911 751 Scylaci,
933 664 1035 750 strab,
1049 692 1085 753 ¹p.
1093 672 1180 818 tp88‚
1204 677 1255 755 C,
1273 702 1301 744 et
1327 662 1330 667 ⁴

256 757 386 820 Ptolem.
396 754 435 819 cf.
448 756 603 816 Mannert.
616 770 671 830 Vl,
684 771 727 827 11,
742 752 794 827 66,
813 750 942 833 67‚.G.)
956 751 1091 831 Quaeren
1116 764 1173 821 um
1183 779 1227 824 est
1242 762 1297 829 hoc

254 863 351 926 prom.
363 844 395 901 in
408 837 478 902 loco
490 841 769 923 prominenteinter
780 836 926 899 Solorum
937 844 1038 916 ruinas
1049 857 1080 901 et
1090 846 1168 905 ostia
1181 844 1298 927 Cydni,

255 929 313 988 sito
330 932 414 1006 juxta
430 928 509 985 ostia
527 922 559 983 fl.
579 920 653 984 hod.
675 923 806 984 Mersirr.
825 919 955 1002 (Recte.
973 921 1207 1004 G.lCcterurtt
1225 953 1295 994 con·

254 1014 332 1074 cinit
345 1031 416 1073 cunt
433 1006 580 1070 Hierocle
596 1003 785 1068 Stadiasmus
803 1004 939 1068 dicendo
955 1006 1143 1091 Zephyrium
1160 1034 1226 1077 esse
1240 1039 1294 1079 uou

254 1112 374 1156 tantum
391 1114 503 1176 prom,
517 1090 570 1153 sed
583 1108 613 1153 et
623 1090 784 1153 castellum.
801 1091 945 1164 Lealo'us,
961 1089 981 1153 l.
993 1112 1022 1153 c.
1035 1114 1065 1171 p.
1080 1100 1153 1173 2¹4·

297 1178 345 1239 lbi
363 1176 511 1261 Cydnum
529 1178 608 1237 inter
620 1194 651 1237 et
676 1172 765 1237 Solos
775 1173 984 1256 'pretermittit
998 1194 1101 1240 noster
1115 1180 1294 1260 Anchialeia,

253 1268 338 1343 cujus
351 1265 490 1323 meminit
506 1258 634 1333 Strabo,
653 1280 682 1341 p.
701 1257 778 1340 988,
790 1257 838 1334 C,
858 1257 911 1321 sed
943 1258 1121 1326 aullulumri
1135 1268 1212 1328 mori
1222 1292 1296 1330 rece-

251 1348 363 1423 dentis,
382 1354 411 1407 e't
426 1361 513 1428 portu
533 1346 671 1405 carentis.
691 1342 744 1403 De
763 1365 826 1427 quo
844 1364 902 1405 con
918 1387 926 1404 .
940 1345 1096 1411 Mannert.
1111 1363 1166 1424 Vl,
1179 1368 1226 1427 11,
1246 1351 1296 1414 66.

252 1431 309 1494 Nil
327 1434 418 1516 igitur
436 1431 562 1502 mirum,
576 1426 661 1509 quod
676 1424 715 1489 de
728 1426 782 1489 illa
795 1427 903 1510 sileant
915 1426 1032 1510 Scylax
1049 1449 1079 1493 et
1098 1434 1225 1496 noster.'

307 1516 374 1593 158.
390 1510 455 1577 ’Ani
465 1510 497 1572 ii
508 1506 615 1595 Σόλων]
627 1510 688 1571 Hic
701 1509 815 1573 excidit
826 1515 943 1574 mentio
955 1514 1135 1578 intervallia
1145 1516 1295 1601 Zephyrio

252 1599 291 1662 ad
305 1599 408 1672 Solos,
420 1595 518 1660 stadia
530 1602 571 1675 40
584 1594 863 1658 circiten-Haud
875 1614 973 1679 potest
984 1596 1158 1668 Calantlr'iae
1168 1606 1248 1665 situs
1258 1627 1294 1667 re

251 1688 353 1769 periri,
366 1702 394 1743 et
405 1702 549 1743 numerus
563 1678 742 1755 Stadiasmi,
756 1700 795 1757 50
806 1677 901 1754 stad,
913 1679 1137 1745 dubitationem
1152 1684 1294 1770 effugere,

250 1772 308 1830 nisi
328 1770 432 1828 seriem
451 1765 588 1827 locorum
606 1764 780 1827 ulteriorem
795 1770 994 1849 cognoveris,
1016 1784 1047 1830 et
1065 1770 1293 1835 interuallumti

251 1852 330 1913 Solis
341 1849 381 1911 ad
391 1848 559 1931 Corycum.
569 1850 624 1909 Ait
635 1866 747 1922 noster,
757 1856 784 1923 S.
797 1852 867 1923 roo,
875 1848 974 1912 stadia
984 1849 1047 1913 280
1063 1874 1126 1915 esse
1135 1875 1155 1915 a
1165 1852 1250 1918 Solis
1258 1858 1294 1920 ad

248 1936 422 2019 Corycum:
436 1951 467 1995 at
477 1931 1017 2017 quidCorycumintelligendumsill
1027 1934 1121 1999 Hunc
1135 1960 1293 2003 numerum

251 2042 311 2082 non
327 2017 499 2094 recederea
517 2038 588 2080 vero
603 2016 724 2097 iudicat
740 2016 887 2093 Lealrius,
904 2018 924 2081 Ι.
940 2040 967 2081 c.
981 2040 1009 2102 p.
1022 2037 1080 2099 213
1091 2068 1100 2097 ,
1111 2022 1165 2084 sed
1182 2025 1206 2085 a⁴
1217 2024 1293 2103 Solis

145 2154 146 2159 ,
248 2103 289 2167 ad
302 2126 398 2189 prom.
416 2106 496 2166 circa
507 2102 580 2165 hod.
593 2102 724 2163 insulam
734 2102 769 2163 K
767 2103 878 2186 orglros.
896 2103 1010 2166 Noster
1019 2122 1122 2187 autem
1134 2106 1292 2191 distinguit
1389 2183 1390 2190 ἵ

251 2190 392 2277 Corycum
400 2190 495 2251 vicum
504 2204 532 2248 et
545 2187 698 2273 Corycium
706 2188 1030 2275 promontoriumtvult
1042 2190 1291 2273 Mannertus,vl,

249 2268 294 2351 ir,
307 2284 335 2356 p'.
348 2272 403 2351 7-6,
413 2272 471 2334 hoc
484 2269 727 2354 promontorium
738 2276 829 2351 situm
839 2269 878 2334 ad
894 2272 1183 2358 meridiemCoryci
1198 2280 1291 2356 urbis,

171 2394 173 2399 ¹
248 2356 429 2441 respondere
443 2356 588 2441 Zephyrio
601 2376 698 2438 prom.
714 2354 884 2418 Ptolemaei.
899 2355 963 2418 Sed
977 2358 1307 2443 Manvuertusvidetur'

247 2441 405 2525 Corycum
421 2440 528 2502 urbem
546 2438 715 2514 collocate,
727 2440 784 2500 ubi
801 2441 931 2503 Lealtius
949 2442 1082 2505 collocat
1098 2461 1130 2505 et
1143 2446 1254 2511 urbem
1265 2468 1294 2512 ct

244 2530 489 2610 promontorium
509 2524 614 2600 simul,
630 2521 663 2584 id
679 2542 737 2600 est,
755 2526 838 2587 circa
855 2523 928 2588 lrod.
946 2526 1076 2589 insulam
1093 2528 1253 2613 Korgbos,
1266 2553 1293 2595 ct

186 2599 191 2610 “
246 2612 490 2695 promontorium
510 2610 668 2690 Anonymi
687 2607 811 2671 ulterius
826 2631 939 2691 ponere
955 2601 996 2682 ad
1011 2609 1185 2677 meridiem.
1201 2616 1250 2680 Ut
1262 2636 1295 2680 ut

247 2712 306 2770 est,
318 2692 489 2757 stadia‘280
504 2708 643 2754 numerat
654 2692 838 2775 Anonymus
849 2694 892 2757 ad
901 2693 1046 2781 Corycum
1055 2699 1171 2776 vicum,
1184 2723 1244 2764 nort
1255 2705 1297 2767 ud
1388 2709 1389 2740 ³

240 2780 483 2865 promontorium.
498 2775 531 2839 Si
544 2776 625 2839 hunc
638 2780 741 2839 vicum
753 2783 886 2861 posueris
898 2783 979 2841 circa
989 2778 1063 2841 hod.
1072 2781 1109 2842 K
1106 2786 1230 2865 orghos,
1243 2810 1295 2849 nu·
1388 2855 1389 2870 p

246 2885 344 2925 merus
359 2862 472 2923 mendo
485 2878 581 2935 caret,
596 2858 649 2923 sed
660 2860 972 2943 plura-mendaerunt
983 2867 1014 2925 in
1032 2870 1165 2928 numeris
1179 2870 1294 2952 sigilla·
1388 2875 1389 2880 ’

246 2952 301 3008 tim
314 2947 391 3010 datis
398 2992 408 3023 ,
423 2965 453 3010 et
464 2944 562 3009 stadia
575 2965 633 3024 ¹70
644 2962 765 3013 tantum
775 2950 900 3029 reperies
911 2946 1023 3023 aSolis
1033 2946 1075 3010 ad
1084 2950 1248 3035 Corycum
1260 2956 1297 3037 (a

246 3029 328 3093 Solis
341 3030 382 3092 ad
395 3028 593 3093 Calanthiam
609 3050 663 3112 50,
677 3028 717 3090 ad
728 3030 891 3098 Eleuntem
907 3051 981 3107 roo,
991 3030 1030 3094 ad
1042 3033 1206 3117 Corycum
1218 3043 1296 3120 20);
1388 3033 1389 3048 ¹

246 3131 275 3177 et
289 3116 353 3177 haec
368 3136 458 3177 causa
471 3114 530 3175 fuit
544 3136 597 3175 cur
610 3116 776 3189 conjecerit
789 3114 922 3189 Lealius
933 3116 1116 3179 mendosum
1131 3144 1293 3185 numerum

245 3198 372 3274 adferri,
385 3200 434 3261 vel
451 3220 467 3259 a
486 3196 565 3260 Solis
579 3196 617 3261 ad
628 3197 841 3275 Calanthiam,
853 3200 928 3279 vela
940 3200 1106 3265 Calanthia
1118 3185 1164 3267 ad
1174 3205 1297 3269 Elaeos-

244 3288 318 3346 sam.
331 3284 478 3345 Ceterum
491 3279 596 3365 adjicit
606 3282 657 3344 ille
669 3304 770 3344 carere
782 3282 847 3345 lraec
860 3283 928 3348 loca
939 3283 1098 3347 ruderibus
1108 3294 1294 3373 conspicuis,
1387 3313 1388 3368 4

267 3368 354 3429 uibus
367 3364 539 3428 Calanthiae
551 3368 623 3425 situs
632 3364 838 3448 dignoscatur.
854 3367 888 3431 Si
900 3384 1001 3431 autem
1011 3374 1120 3433 seriem
1129 3372 1295 3451 litoralem,

242 3388 1295 3537 ducenosrro‚secutusfueris,aSolisdistzbitCalanthiayostadiis,

242 3536 377 3611 Elpeussa
393 3554 464 3619 150,
480 3551 510 3596 et
525 3534 651 3622 Corycus
662 3536 744 3597 vicus
759 3556 816 3613 170
835 3539 924 3618 (non
943 3536 1024 3615 280,
1039 3558 1076 3601 ut
1093 3541 1201 3604 scribit
1217 3567 1297 3607 mox
1387 3571 1388 3576 ¹

241 3620 425 3705 Anonynrus
435 3621 455 3700 ).
474 3618 530 3678 Nil
544 3617 644 3680 obstat
660 3622 733 3703 quin
746 3618 836 3684 fuerit
851 3621 977 3707 Corycus
987 3624 1085 3700 ur'cus,
1099 3622 1214 3687 distans
1234 3647 1297 3690 too

239 3704 344 3768 stadiis
365 3726 383 3765 a
403 3704 614 3787 promontorio
633 3703 686 3766 ubi
709 3702 821 3767 Strabo
841 3722 872 3768 et
894 3706 947 3767 alii
971 3705 1128 3770 collocant
1148 3711 1298 3787 inclytum

149 3854 154 3863 ,
241 3808 378 3866 antrum,
395 3786 447 3849 sed
467 3784 506 3847 ad
525 3791 760 3870 septentrionem
782 3788 869 3867 hujus
887 3807 1056 3871 promont,
1078 3812 1136 3854 uec
1156 3816 1233 3857 vero
1254 3796 1299 3857 ad

240 3873 417 3947 meridiem,
433 3870 518 3956 quod
532 3870 631 3934 voluit
647 3872 839 3938 Mannertus.
861 3872 1034 3950 Quomodo
1049 3875 1185 3939 enimad
1199 3883 1300 3941 ureri-

239 3957 322 4021 diem
342 3972 390 4026 tot
406 3955 476 4020 loca
486 3959 619 4051 posueris
634 3972 787 4048 promont
803 3957 964 4041 Corycum
976 3962 1056 4023 inter
1071 3977 1101 4024 et
1113 3959 1301 4044 Calycadni
