2834 4659
176 300 189 325 “
254 320 300 409 34
455 299 714 390 urssinrnrro
743 331 1137 391 osnrcntncno„
1199 296 1236 389 “,
1364 315 1367 320 ’

183 469 186 474 ·
249 438 466 529 Delphorum
500 431 638 521 irruendi
664 435 967 509 convenientibus.
996 436 1298 521 Meminitillius,
1351 438 1356 445 ’

249 560 334 609 teste
351 537 542 636 Strabone,
565 539 750 618 Pindarus,
773 538 899 631 aliique
914 534 1115 609 Graecorum
1135 558 1297 613 auctores

193 681 194 698 2
248 643 480 713 vetustissimi.
516 642 558 709 Et
593 666 725 710 nomen
753 640 897 711 umbilici
928 666 992 734 pro
1023 642 1125 712 media
1154 644 1295 735 accipi,

198 823 202 832 ¹
248 748 399 818 ostendit
415 748 459 814 ad
471 742 676 815 Strabonem
693 744 937 817 Casaubonus.
956 746 1033 819 Hac
1050 764 1165 816 autem
1180 744 1296 839 fabula

247 855 291 920 de
313 850 462 943 Delphis
483 849 573 917 illius
596 850 691 919 urbis
713 848 915 925 umbilicum
941 874 1013 920 non
1035 852 1078 923 ad
1102 872 1206 923 unam
1231 849 1295 921 ali-
1403 864 1404 939 ξ

129 1000 138 1013 ·
248 978 349 1045 quam
373 953 569 1048 regionem,
591 955 653 1029 sed
666 953 710 1022 ad
725 952 845 1027 orbem
867 955 1070 1049 uniqersum
1088 953 1295 1026 retulerunt.

235 1076 236 1081 ’
248 1056 328 1127 Erat
340 1080 426 1152 ergo
439 1058 507 1135 haec
525 1036 646 1147 opihio
659 1059 753 1147 apud
768 1074 900 1129 veteres
913 1073 1052 1149 recepta
1067 1074 1147 1129 ante
1160 1054 1295 1129 Demo·

167 1208 171 1213 -
248 1167 388 1239 criturn,
407 1184 484 1250 qna
497 1160 551 1231 vel
565 1160 639 1251 ipsa
655 1159 734 1231 satis
751 1162 854 1232 docet
864 1182 967 1249 quam
981 1156 1079 1233 fuerit
1093 1156 1296 1251 imperfecta

193 1305 195 1310 ,
248 1282 445 1357 temporum
467 1264 604 1331 illorum
626 1262 851 1358 geographia.
870 1260 1001 1333 Formae
1026 1263 1119 1336 euim
1137 1266 1295 1337 rotundae
1403 1268 1404 1293 ¹

187 1424 192 1431 .
250 1368 401 1437 medium
418 1365 624 1461 designabat
639 1389 770 1441 nomen
787 1362 942 1449 ὅμφαλοῢ,
959 1390 1021 1436 seu
1036 1366 1298 1457 umbilici,qua
1403 1374 1404 1439 3

249 1471 292 1537 ab
311 1472 453 1540 humani
478 1470 604 1538 ventris
629 1468 795 1554 umbilico
822 1471 1060 1560 adpunctum
1082 1470 1234 1541 medium
1258 1470 1298 1539 in
1403 1542 1404 1545 ,

250 1574 322 1643 aliis
344 1573 548 1665 corporibus
567 1573 824 1667 designandum
845 1572 1099 1645 traducebatur.
1113 1568 1170 1663 Sic
1192 1572 1296 1644 etiam
1403 1570 1404 1635 i

251 1699 382 1752 nomen
402 1675 566 1751 umbonis
587 1677 624 1743 in
641 1677 784 1769 clypeo,
803 1678 903 1765 cuius
924 1653 1041 1751 lorma.
1055 1678 1207 1750 rotunda
1225 1694 1297 1747 erat

181 1792 186 1808 ¹
250 1782 405 1855 omnium
434 1780 682 1870 antiquissima.
701 1778 856 1851 Proinde
878 1797 991 1871 partes
1013 1778 1106 1851 orbis
1127 1797 1309 1855 extremas·

250 1884 527 1975 quaquaversum
543 1884 586 1954 ab
602 1884 662 1955 illo
680 1882 901 1975 Delphorum
914 1881 1078 1957 umbilico
1091 1855 1222 1975 parite?
1232 1883 1297 1954 dis·
1403 1930 1404 1947 ,

250 2007 323 2062 tare
330 1987 530 2063 credebant,
544 1988 605 2079 qui
617 1986 718 2079 primi
727 1987 821 2057 illum
835 2010 899 2079 pro
911 1986 1003 2063 orbis
1013 1987 1166 2061 universi
1180 1987 1298 2059 medio
1403 2068 1404 2081 ἵ

209 2171 222 2188 ,
252 2090 434 2163 habebant.
453 2090 559 2163 Plane
578 2109 618 2160 ut
634 2091 793 2159 hodierni
809 2087 998 2173 Sinenses,
1012 2090 1141 2181 quibus
1159 2088 1303 2175 lesuitae
1403 2092 1404 2123 l

179 2225 181 2234 ·
255 2218 327 2261 non
349 2193 444 2263 aliter
467 2195 602 2286 placere
620 2212 787 2285 possunt,
813 2194 880 2270 nisi
895 2192 1018 2265 chartis
1036 2194 1300 2289 geographicis,

254 2307 317 2390 pho
347 2289 485 2372 illorum
513 2298 684 2366 sententia
709 2296 928 2366 constructis.
954 2295 1050 2363 Dum
1077 2298 1147 2365 haec
1178 2297 1301 2389 opinio
1403 2300 1404 2355 ἶ

255 2402 452 2483 obtinebat,
475 2420 546 2469 erat
568 2399 723 2492 profecto
740 2418 1034 2481 consentaneum,
1064 2418 1104 2469 ut
1127 2424 1146 2467 a
1168 2396 1301 2469 Graecia
1403 2400 1404 2481 ξ

156 2529 164 2545 ’
254 2493 1300 2599 ᾗῄῃωηώωωωωῶμᾞωὴάήώεωωω

256 2627 419 2698 tanquam
445 2631 465 2675 a
489 2624 629 2687 centr0,
653 2624 693 2675 ut
717 2600 759 2673 ad
782 2607 863 2677 alias
882 2608 975 2679 orbis
993 2608 1156 2702 regiones
1177 2604 1304 2690 fierent

256 2733 470 2804 progressus.
499 2709 716 2799 Quanquam
745 2729 861 2793 autem
889 2712 984 2801 hunc
1010 2734 1160 2782 errorem
1186 2712 1305 2785 redar-

196 2812 1305 2909 'wmffimmwmmmmmfflmmssm
1403 2810 1404 2903 ξ

219 2993 221 3008 1
258 2934 399 3009 recepto
426 2934 610 3009 propterea
631 2918 835 2997 discederet„
859 2918 939 2988 Erat
962 2937 1105 3000 contra,
1130 2942 1192 2989 cur
1221 2918 1310 2989 inde.
1403 2958 1404 2993 ,

259 3020 498 3113 inciperetur,
524 3037 689 3112 tanquam
717 3046 737 3091 a
758 3014 904 3117 regione
926 3023 1085 3094 omnium
1109 3021 1307 3114 exploratis
1403 3056 1404 3115 3

249 3126 356 3193 sima.
386 3123 555 3194 Nondum
588 3125 717 3195 scilicet
745 3126 895 3201 inventis
924 3126 1048 3207 lineis,
1077 3126 1203 3217 quibus
1236 3126 1308 3197 loci

261 3228 535 3319 uniuscujusque
556 3229 640 3302 situs
661 3230 922 3325 designaretur,
948 3230 1143 3303 coelestibus
1166 3228 1307 3326 longitu-

209 3331 213 3344 ¹
262 3332 348 3401 dinis
362 3349 467 3422 atque
489 3331 693 3410 latitadiair;
714 3335 870 3405 nondum
886 3334 1089 3429 excogitatis
1100 3332 1314 3415 climatibus,

262 3458 340 3526 quae
352 3433 539 3528 latitudinis
557 3436 665 3508 lineas
683 3453 891 3530 supponunt
907 3438 1053 3511 otunino
1066 3437 1310 3531 praecognitae.
1403 3472 1404 3533 ᾗ

244 3537 356 3620 'Tum
369 3528 461 3618 certe
478 3539 660 3608 methodus
675 3540 768 3610 nulla
788 3540 910 3609 melior
929 3564 1004 3615 esse
1018 3541 1133 3633 potuit
1149 3562 1256 3630 quam
1271 3558 1318 3625 ut·
1403 3534 1404 3625 l

261 3641 484 3728 anotissimis
501 3646 704 3733 procederet
724 3645 914 3713 exordium.
935 3643 1022 3717 lnde
1040 3660 1210 3714 autemut·
1227 3642 1312 3714 reli·
1363 3714 1366 3721 ,
1403 3638 1404 3713 l

261 3735 411 3837 'quorum
434 3746 518 3814 situs
542 3748 824 3829 constitueretur,
847 3771 918 3839 qua
941 3748 1082 3841 quidem
1102 3747 1275 3821 distabant
1295 3772 1315 3815 a

194 3903 196 3906 v
264 3848 348 3918 locis
369 3849 566 3919 notissimis.
585 3850 801 3943 Quanquam
814 3874 900 3947 ergo
914 3838 950 3921 in
967 3853 1033 3921 hoc
1048 3874 1153 3947 opere
1167 3852 1314 3923 metrico
