2834 4659
399 359 574 433 nrusoue
601 366 871 421 intonantis.
1112 381 1150 449 ¹5
1170 434 1171 439 Ἰ

35 479 36 484 ’
133 478 288 549 hominum
306 497 515 555 numerum,
541 474 569 543 si
585 491 700 542 tamen
718 473 1022 565 democratiaipsa
1037 474 1158 549 fuisset

133 581 260 651 inferior.
281 578 517 649 Luculentum
539 594 591 645 est
614 578 813 668 exemplum
840 578 875 647 in
900 578 1042 674 triginta
1065 604 1156 672 quos

130 686 214 767 urbi,
228 704 260 755 et
272 687 397 770 decem
410 682 483 754 aliis
498 704 588 774 quos
603 678 731 749 Piraeo
751 678 980 773 prefecerunt
997 680 1157 755 Lacedae·
1262 766 1266 775 ι

35 773 36 776 ¹
130 787 230 857 monii.
247 787 323 864 Hos
340 805 476 867 tamen,
503 806 702 877 quanquam
720 785 813 855 cives
835 808 980 867 omnes,
1008 786 1155 882 imperio

130 891 235 960 abusos
253 915 328 961 esse
348 888 478 969 fateor,
503 889 714 979 meritosque
738 907 777 957 ut
789 911 856 980 pro
880 890 1029 980 tyrannis
1049 888 1157 961 habe-
1171 900 1180 957 ’,

129 1013 239 1064 rentur.
251 994 293 1063 Et
303 990 349 1063 ab
364 992 521 1065 hostibus
532 991 713 1084 impositos
727 989 835 1060 fuisse
850 992 1068 1063 manifestum
1087 1017 1156 1087 est,

130 1094 476 1191 utfuitaCassaudro
497 1094 711 1165 Demetrius.
735 1092 819 1163 Non
844 1097 890 1163 ita
907 1094 1155 1196 quadraginti,
1248 1158 1250 1163 ,
1318 1152 1320 1176 .

129 1201 248 1293 proprio
261 1200 524 1270 Atheniensium
535 1197 717 1292 patrioque
732 1199 965 1292 psephismate
977 1202 1171 1285 inhonore,
1238 1222 1243 1233 ’

131 1305 295 1374 constituti.
313 1302 505 1373 Habebam
521 1302 624 1371 etiam
642 1303 709 1395 ipsi
727 1297 881 1371 aaran
903 1305 1060 1397 quinque
1079 1310 1157 1378 mil·
1193 1338 1197 1355 ·

132 1406 210 1475 lium
225 1406 263 1476 Et
281 1426 399 1477 tamen
422 1430 488 1500 pro
505 1405 657 1497 tyrannis
673 1404 801 1488 habiti,
826 1411 925 1498 quod
942 1409 1158 1507 quingento-

132 1532 192 1577 rum
208 1534 365 1581 numerus
380 1507 522 1593 fuisset,
544 1511 582 1579 in
597 1507 705 1579 libera
725 1510 957 1592 democratia,
981 1512 1155 1610 legitimus

133 1634 185 1703 pto
203 1633 339 1697 senatu;
372 1632 407 1682 et
423 1638 485 1684 sex
501 1613 647 1681 millium
669 1636 735 1706 pro
757 1609 912 1699 ἐκκλησίᾳ.
936 1613 1154 1710 Quanquam

134 1738 203 1812 ergo
221 1717 430 1788 Demetrio'
419 1742 457 1785 m
477 1716 651 1814 regimine
670 1719 861 1785 constituto
885 1719 1013 1791 adulati
1024 1718 1158 1795 fuerint

133 1818 338 1923 Athenienses
351 1838 403 1891 tot
415 1820 677 1917 imaginibus¹
667 1843 705 1888 ιιι
721 1818 813 1890 illius
829 1820 999 1892 honorem
1011 1827 1157 1899 decretis

134 1942 205 2013 quot
212 1944 302 1995 erant
317 1929 355 1995 in
367 1950 462 2004 anno
474 1925 567 2005 dies,
586 1925 743 1993 animum
757 1943 873 1995 tamen
887 1927 988 1997 abeo
1002 1930 1155 2001 alienum

132 2028 300 2116 prodebant
315 2029 464 2099 similia
453 2053 491 2097 ιιι
497 2014 685 2119 ejusdem,
703 2052 784 2098 cum
800 2020 997 2127 fugaretur,
1018 2036 1156 2107 decreta

132 2134 362 2203 contumeliam.
379 2132 436 2201 Ad
448 2134 601 2202 eundem
617 2134 723 2225 plane
739 2136 882 2203 modum
898 2155 971 2226 quo
987 2137 1023 2205 in
1038 2159 1156 2211 aucto-

130 2254 175 2301 res
195 2234 346 2307 libertatis
368 2236 413 2305 ab
437 2236 504 2305 hoc
527 2234 746 2305 Cassandti'
737 2259 847 2356 rugo.
861 2234 1096 2334 Antigonum
1121 2265 1156 2315 et
1177 2326 1179 2331 ¹

130 2332 321 2410 Demetrium
346 2338 600 2423 Poliorcetem,
625 2357 723 2409 erant
743 2364 762 2408 a
784 2364 821 2408 se
838 2340 987 2409 invicem
1006 2345 1152 2431 diversi,

131 2456 212 2509 nunc
224 2442 464 2515 adulatione
430 2445 553 2524 mmia,
572 2464 669 2512 nunc
682 2444 857 2514 viceversa
872 2444 1034 2537 probris'
1024 2449 1155 2543 iniquis

129 2560 160 2610 et
171 2544 343 2618 immeritis.
359 2548 457 2617 ldem
477 2548 515 2616 in
537 2548 740 2617 monarchas
760 2548 880 2617 odium
902 2550 1027 2643 populi
1047 2552 1155 2625 Athe-

126 2646 240 2719 niensis
253 2647 385 2735 effecit,
399 2670 438 2719 ut
452 2669 487 2720 et
494 2644 712 2721 Pisistratidae'
725 2652 813 2721 male
826 2652 985 2723 audirent
994 2705 1004 2739 ‚
1013 2679 1154 2730 eorum-

126 2765 185 2841 que
196 2753 373 2847 imperium
393 2778 459 2849 pro
476 2756 657 2847 tyrannide
672 2756 866 2827 haberetur.
882 2756 1040 2853 Excepto
1051 2765 1151 2833 ¹enirn

124 2869 283 2943 postremo
302 2859 442 2953 Hippia
458 2859 713 2951 quadrienniO,
736 2883 806 2952 quo
821 2858 1038 2933 caedelratris
1060 2866 1152 2961 Hip·

124 2961 278 3046 parchi²'
268 2985 305 3032 m
322 2986 359 3032 se
375 2963 584 3067 designatae
575 2962 724 3032 irritatus
737 2965 856 3054 savior
867 2962 976 3035 factus
992 2987 1061 3051 est,
1078 2994 1153 3041 non

124 3080 181 3131 erat
183 3059 342 3157 profecto
351 3062 569 3137 subditorum
580 3066 646 3135 sub
658 3067 725 3136 illis
736 3049 856 3137 durior
863 3070 1033 3153 conditio,
1045 3096 1152 3167 quam

123 3165 177 3233 tub
192 3170 380 3262 republica.
403 3168 491 3239 Non
508 3188 560 3239 est
575 3172 724 3263 proinde
747 3194 809 3241 cur
832 3172 994 3243 miremur
1008 3176 1036 3244 si
1058 3179 1152 3248 idem

122 3272 291 3369 contigerit
303 3274 343 3344 in
362 3296 462 3343 causa
479 3273 650 3344 Demetrii
666 3276 767 3343 etiam
790 3275 956 3371 Phalerei.
979 3278 1019 3347 ld
1037 3297 1152 3351 tamen

35 3377 36 3390 ¹
123 3372 253 3445 mirabar
267 3394 308 3446 ut
322 3377 453 3471 scripto
469 3380 514 3447 ad
533 3378 809 3472 Theophrastum
833 3403 940 3472 opere
960 3376 1078 3456 nala
1094 3410 1153 3457 ex·
1178 3402 1182 3415 '

121 3478 271 3567 probrare
299 3504 407 3550 ausus
427 3478 531 3551 fuerit
559 3481 779 3551 Dicaearchus
804 3533 812 3563 ,
849 3506 964 3552 rerum
994 3490 1151 3580 potiente
1196 3486 1201 3495 ’

122 3581 293 3654 etiamnum
312 3584 497 3673 Demetrio
513 3583 693 3656 Phalereo.
714 3582 782 3655 Sed
799 3587 885 3655 nihil
903 3606 954 3657 est
978 3612 1045 3659 cur.
1063 3618 1150 3687 opus

123 3690 301 3801 prosaicum
317 3666 594 3781 Theophrasto
582 3690 789 3783 inscriptum
808 3690 1052 3764 existimemus.
1073 3696 1151 3767 Nec

122 3787 598 3876 tiidell'ecissetDicaearchus,
613 3789 745 3861 factum
754 3810 937 3886 propterea
949 3800 1150 3903 negandum
1166 3822 1169 3857 1

152 3915 226 3978 'Pha
235 3918 373 3979 Hiram
386 3916 436 3983 lib
446 3912 553 3986 xxxtv',
563 3938 621 3996 cap.
632 3918 717 3977 6.-
735 3916 890 3996 ²Thueyd.
903 3918 951 3977 lib.
963 3934 1008 3989 vr,
1021 3931 1078 3997 54·
