2834 4659
46 325 47 329 '
153 378 155 382 ,
263 334 333 428 560
623 348 939 404 tunortrtottts

254 450 297 523 ad
314 444 525 521 occidentenr;
544 470 652 529 nempe
671 452 749 509 ostia
765 446 853 511 fluvii
872 471 935 512 non
952 448 1046 513 semel
1061 466 1180 515 mutata
1200 453 1306 534 fuisse,

255 555 416 621 postquam
432 533 470 596 de
484 555 557 617 rupe
572 530 656 596 unda
670 532 849 598 desiluisset.
863 531 985 597 Laudat
1003 533 1117 599 Strabo
1138 535 1179 601 tir
1196 542 1306 622 Κωπᾴ-

251 615 347 703 tinto
365 616 506 703 singulari
527 639 668 694 numero,
688 614 877 680 Stadiasmus
894 621 1095 695 tanaim,
1110 620 1213 692 forsan
1235 632 1311 709 quia¹
1392 679 1393 690 ,

256 706 360 768 alveus
375 710 407 769 in
419 702 504 786 plura
517 706 596 766 ostia
608 719 682 766 tunc
695 699 891 765 divideretur.
903 703 1019 767 Forsan
1029 703 1141 767 fluvius
1153 710 1186 782 in
1206 729 1306 792 poste·

258 813 326 865 rum
340 810 403 851 sete
417 791 594 850 exoneravit
610 784 650 848 ad
662 785 857 850 occidentem
867 784 1004 851 Attaliae.
1017 786 1117 866 Quod
1134 791 1258 856 adtinet
1269 795 1306 855 ad

157 894 163 907 ⁴
256 870 329 943 hod.
342 870 475 946 Adada,
491 870 568 933 illud
579 890 690 933 nomen
704 870 812 952 procul
830 868 926 933 dubio
941 870 1021 935 redit
1036 872 1077 937 ad
1094 893 1233 945 veterem
1248 880 1306 941 At.

256 956 338 1020 toliae
355 954 608 1039 adpellationem;
624 953 676 1017 sed
688 953 812 1017 fortasse
827 978 890 1016 non
901 954 1061 1022 ad'verattt
1076 958 1159 1023 urbis
1172 966 1305 1047 antiqua

258 1040 372 1107 sedem.
395 1038 452 1103 Cf..
466 1038 512 1101 ad,
527 1051 549 1117 t.
576 1059 647 1124 191,
664 1036 717 1102 fin.
731 1062 761 1123 p.
782 1058 853 1123 557.
870 1039 954 1123 Ergo
973 1061 1101 1125 possunt
1124 1043 1239 1109 rudera
1252 1049 1305 1109 Ar.

258 1124 339 1187 taliae
364 1146 426 1187 esse
445 1128 477 1185 in
497 1122 571 1187 hod.
593 1122 703 1185 Latara.
1025 1151 1027 1155 v

190 1195 192 1203 ’
302 1206 347 1271 Ni
359 1207 464 1283 fallor,
479 1206 615 1317 Seplacis
628 1205 765 1291 Periplus
775 1210 885 1270 iterum
898 1208 1074 1277 tractandus
1084 1233 1116 1297 p.
1127 1212 1243 1295 299,l.
1261 1233 1307 1279 to.
1394 1241 1395 1288 3

258 1293 362 1379 Vulgo
378 1291 471 1355 habet
487 1319 496 1357 :
526 1292 633 1371 Idlrpyt
649 1284 742 1369 nime,
758 1288 831 1361 νιῖσυς
850 1288 983 1372 Arimis,
996 1290 1082 1375 Teia,
1095 1292 1216 1374 Ὀικζὰ,
1231 1298 1308 1361 Md·

256 1380 334 1462 nnc
347 1378 393 1459 tal
405 1370 522 1457 simpla
532 1374 669 1453 Kavad.
683 1424 690 1440 .
704 1374 807 1439 ‚Vide
821 1368 1129 1465 emendattfvarap,
1141 1378 1215 1459 481.
1235 1383 1307 1466 Ego
1394 1441 1395 1454 ,

261 1484 342 1525 nunc
354 1463 456 1525 locum
469 1462 511 1526 sic
525 1474 679 1543 compono
692 1478 700 1523 ὲ
714 1450 780 1525 ‘'Ioll.
796 1458 888 1539 arisit,
901 1462 975 1531 tione
984 1456 1220 1549 ['Arrss's⁰trrtil,
1239 1477 1307 1549 asp

204 1576 208 1580 ²
250 1542 347 1617 'tarde
367 1544 436 1631 (vel
457 1542 596 1625 nummi
609 1536 739 1609 'Adraa
759 1548 833 1627 (pro
853 1546 928 1620 rior
947 1543 1081 1630 aquata
1095 1546 1262 1626 salmasii,
1278 1570 1306 1614 et

256 1629 331 1700 tit‘ouc
351 1617 463 1715 'Apposic
483 1628 634 1692 Gronovii
647 1631 673 1711 l,
694 1623 816 1704 Ὀλξία,
841 1628 989 1714 Minor.
1001 1680 1010 1697 .
1023 1677 1031 1692 .
1044 1677 1052 1693 .
1067 1630 1218 1716 Suspicor
1282 1655 1307 1697 st

257 1718 331 1786 tiore
343 1716 441 1779 literas
452 1712 542 1776 fuisse
552 1732 701 1797 exaratas,
712 1734 842 1797 quarum
854 1715 970 1780 nullam
982 1736 1085 1793 coram
1095 1716 1208 1789 habuit
1217 1718 1242 1781 li
1266 1720 1307 1781 rad
1395 1715 1396 1786 ξ

175 1832 185 1864 t
256 1800 332 1874 rius,
343 1798 397 1862 sed
408 1798 465 1860 sub
473 1802 558 1883 queis
570 1798 697 1860 latuerat
709 1797 780 1859 fors.
794 1820 907 1861 nomen
919 1799 1077 1884 quoddam
1088 1817 1163 1864 ante
1176 1796 1306 1878 Λὸμίι

258 1884 389 1969 Ptolem.
405 1898 447 1961 v,
465 1902 499 1965 5,
516 1880 568 1943 fin.
586 1880 662 1945 duas
679 1882 791 1945 insulas
808 1899 927 1945 tantum
943 1882 1130 1968 Pamphyliae
1140 1884 1307 1963 adscribit,
1396 1913 1397 1922 ¹

261 1967 454 2035 Crumbusam
469 1984 499 2029 et
510 1962 700 2033 Atelebusam
707 1992 719 2041 ,·
733 1972 881 2051 posterior
894 1985 997 2031 autent
1008 1985 1052 2041 est
1063 1969 1267 2048 orientalior,
1281 1992 1308 2035 et
1396 2009 1397 2048 t

257 2058 289 2117 ei
299 2053 399 2115 forsan
412 2050 533 2118 adludit
546 2050 674 2135 Scylax,
686 2074 724 2113 eo
738 2056 832 2135 magis
842 2052 927 2137 quod
934 2054 1020 2116 Dion
1036 2055 1125 2117 eluda
1135 2076 1191 2137 pro
1202 2056 1307 2119 Cram-
1396 2051 1397 2054 ¹

256 2140 330 2203 busa
347 2137 504 2201 Ptolemaei
524 2136 652 2201 dederit.
672 2135 769 2201 Conf.
785 2134 825 2199 ad
837 2150 861 2209 s.
874 2157 948 2221 205.
962 2136 1004 2201 Se
1039 2137 1079 2201 de
1091 2137 1214 2203 Attalia
1234 2140 1309 2219 obii·

57 2228 59 2235 '
166 2283 169 2295 ,
259 2228 356 2289 cietur
374 2223 448 2285 mihi
465 2222 549 2286 illam
567 2218 744 2285 Alexandro
759 2226 853 2287 serius
874 2222 1032 2285 conditam
1048 2220 1156 2300 fuisse,
1175 2242 1208 2287 et
1230 2247 1307 2308 aegre

259 2313 291 2373 in
309 2306 369 2371 hoc
384 2306 489 2370 libello
501 2308 653 2391 interponi
664 2328 761 2390 posse.
773 2304 913 2390 Expellas
924 2328 1006 2383 earn,
1020 2307 1132 2385 lector,
1143 2311 1170 2369 si
1180 2330 1306 2381 mecum

259 2417 322 2455 non
339 2388 502 2455 credideris
514 2413 582 2453 eam
600 2390 856 2473 disgnoscendam
876 2412 937 2455 esse
949 2394 1064 2472 (serius
1081 2396 1259 2476 insertam)
1276 2399 1306 2455 io

259 2470 393 2555 treats,
404 2472 485 2551 raa,
502 2475 556 2537 uhi
571 2479 839 2541 intra...t1t.
853 2483 958 2539 ‚rurs
977 2474 1067 2549 fratte
1084 2477 1206 2546 excidit*
1219 2495 1309 2541 vetus

257 2566 418 2645 scriptura,
451 2560 550 2625 nalem
563 2564 714 2640 conjicio,
729 2560 992 2643 ΛΥΡ[ΝΗΣΣοΣ]
1007 2568 1185 2627 tratura.
1198 2561 1308 2625 Immo
1397 2634 1399 2639 .

259 2646 413 2711 videretur
429 2583 568 2727 lcylacis
590 2644 789 2729 interpolator
806 2647 956 2730 scripsisse
971 2638 1114 2709 'aaran
1130 2646 1313 2730 simplicia,
1397 2644 1399 2649 ’

216 2796 218 2802 s
259 2751 294 2795 ut
306 2748 413 2793 auctor
425 2749 527 2792 recens
543 2726 719 2793 Stadiasmi.
1077 2770 1082 2779 -

302 2832 375 2896 203.
389 2814 519 2897 utum]
531 2812 584 2875 De
599 2835 663 2896 quo
680 2812 771 2875 silent
783 2816 887 2876 ceteri.
902 2812 1019 2877 Asseris
1025 2814 1227 2893 Mannertus,
1251 2832 1311 2892 vt,

256 2917 308 2975 11,
321 2924 351 2985 p.
376 2914 449 2978 130,
466 2917 538 2981 131,
554 2896 636 2960 hunc
654 2897 758 2960 locum
773 2917 793 2958 a
806 2895 944 2979 Scylace
952 2896 1069 2962 laudari
1085 2903 1217 2967 nomine
1232 2897 1312 2962 Tela.
1397 2946 1399 2963 ,

260 2982 357 3047 Aliud
376 3005 464 3067 supra
482 2985 603 3063 conjeci
618 2982 656 3047 de
673 2982 720 3045 his
737 2980 840 3044 literis.
862 2980 963 3045 lmrno
980 2987 1005 3045 si
1027 2983 1162 3047 Tenedus
1179 2984 1229 3045 ibi
1247 2983 1313 3047 lau·
1397 3006 1399 3013 ·

261 3068 383 3131 daretur
397 3090 444 3153 ap.
465 3065 605 3153 Stylan,
623 3066 676 3129 alii
693 3070 814 3150 insuper
833 3070 897 3148 ejus
909 3070 1131 3143 meminissem
1151 3088 1228 3136 nam
1241 3091 1313 3153 prta
1397 3082 1399 3087 “

179 3168 190 3187 ⁸
261 3157 366 3235 cipuos
383 3172 502 3215 tantum
522 3152 606 3213 locos
624 3168 772 3215 memorat
793 3147 915 3233 Scylax.
938 3152 1052 3218 Forsan
1072 3148 1225 3215 Tenedus
1245 3176 1313 3238 pars
1397 3216 1399 3229 ,

260 3235 320 3301 fuit
337 3232 471 3321 antiqua
489 3236 597 3312 Olbae,
610 3253 664 3300 aut
679 3235 766 3299 locus
780 3238 808 3299 ei
821 3239 865 3298 ita
880 3239 1017 3311 vicinus,
1032 3254 1068 3297 ut
1079 3235 1235 3300 Tenedus
1250 3260 1313 3300 non

260 3341 361 3406 perse
380 3322 478 3401 ipsum
498 3337 650 3383 constaret
668 3337 697 3383 et
718 3323 913 3399 excitaretur,
932 3337 1030 3384 stante
1050 3316 1146 3385 Olba.
1166 3320 1316 3403 Coujicit
1397 3390 1399 3393 Α

262 3408 444 3469 Mannertus
455 3403 571 3465 Olbam
583 3419 614 3465 et
624 3404 800 3467 Attaliama
814 3403 969 3474 nonnullis
980 3404 1121 3469 confusas
1134 3404 1250 3480 fuisse,
1259 3428 1315 3481 eeu
1397 3457 1399 3466 .

260 3489 402 3555 eamdem
422 3488 539 3555 urbem.
554 3485 618 3553 Sed
637 3506 795 3572 utramque
811 3488 1003 3571 distinguunt
1023 3487 1135 3557 Strabo
1157 3506 1189 3553 et
1210 3488 1317 3553 Ptole-

262 3596 366 3639 maeus.
374 3572 466 3635 Olbae
475 3590 594 3635 tantum
608 3576 747 3647 meminit
756 3573 883 3648 Plinius,
895 3591 926 3637 et
934 3573 1083 3637 Attalium
1091 3578 1317 3658 pretermittit,

263 3684 326 3723 non
346 3656 430 3744 quod
447 3680 508 3719 una
526 3656 694 3743 eademque
714 3658 784 3721 urbs
800 3656 923 3735 forent,
941 3656 995 3721 sed
1012 3662 1086 3742 quia
1102 3679 1141 3719 ex
1156 3659 1318 3721 veteribus

262 3745 366 3822 libris,
384 3760 455 3805 ante
473 3742 631 3806 conditam
644 3742 794 3806 Attaliam
812 3744 946 3827 scriptis,
967 3764 1051 3805 suam
1066 3762 1256 3825 compagem
1268 3766 1319 3803 su-

263 3849 368 3891 meret.
382 3826 617 3911 Peutingeriana
637 3827 743 3890 tabula
757 3844 862 3891 contra
878 3844 909 3891 et
931 3825 1121 3891 Stadiasmus
1136 3845 1246 3889 noster
1263 3829 1319 3889 At·

262 3914 367 3980 taliam
381 3929 501 3977 tantum
514 3910 654 3987 laudant,
667 3930 698 3976 et
712 3911 828 3975 Olbant
839 3916 1001 3988 omittunt,
1010 3916 1083 3998 quia
1095 3928 1229 3974 stantem
1242 3929 1319 3973 tunc
