2834 4659
341 327 582 452 'musone
610 359 882 441 assensum.
1032 400 1039 407 .
1144 370 1168 437 7
1247 426 1250 433 ι

38 469 39 474 ’
151 469 282 539 scriberet
297 464 529 563 Dicaearchus.
548 465 632 535 Non
652 467 699 535 ita
719 483 812 535 certe
833 466 990 559 loquitur
1012 465 1105 537 idem
1124 471 1170 539 de

149 570 328 653 restauratis,
347 584 430 663 post
443 569 567 641 Xerxis
582 569 805 651 incendium,
822 568 982 639 Athenis.
1001 568 1096 640 Urbs
1113 571 1170 641 illa

148 673 216 751 uie
227 668 454 770 ίρῥνμοπμμίνι
467 674 474 704 ¹
499 673 702 768 Dicaearcho
718 690 896 753 censetur,
914 664 967 739 nri
979 664 1026 742 air
1041 670 1171 767 ripxrrao'·

148 803 208 847 ars.
226 776 347 848 Xerxes
366 801 453 875 ergo
473 777 523 846 illi
540 776 707 869 antiquus
729 776 873 845 hahetur
892 798 962 868 prae
984 799 1078 846 nova
1092 776 1169 860 illa,

148 884 181 949 de
198 881 435 974 qua'loquitur‚
459 880 554 950 urbis
569 879 748 950 Thebana:
764 870 932 974 ῥυμοπμᾶφ.
958 876 1037 950 Alia
1056 898 1170 951 autem

149 984 296 1055 hoc'certe
316 985 444 1077 spatio,
459 985 558 1077 quod
575 982 665 1052 inter
682 981 833 1069 Xerxem
852 980 954 1051 fluxit
968 1000 1071 1075 atque
1084 980 1172 1053 Cas·

148 1090 296 1172 sandrum,
319 1088 520 1159 restauratio
542 1084 734 1178 nullalfirit,
753 1110 827 1179 quo
845 1103 991 1179 possent
1008 1088 1171 1182 praedicta

147 1188 302 1261 Dicaeuchi
311 1190 417 1262 verba
424 1190 554 1261 referri.
565 1188 669 1259 Binas
676 1212 761 1259 vero
772 1188 847 1259 illas
857 1188 1027 1263 Demetrii
1040 1188 1172 1261 Polior·

148 1312 211 1362 ceta
224 1296 497 1392 oppugnationes
517 1294 676 1363 nondum
692 1294 868 1363 decennio
888 1293 1032 1368 evoluto
1051 1297 1168 1365 conti-
1241 1326 1247 1357 τ

145 1396 217 1489 gisse
223 1405 330 1469 auctor
339 1416 393 1468 est
404 1397 622 1469 Plutarchus.
633 1394 752 1466 Verba
759 1397 942 1467 illiussunt
959 1396 999 1489 (l.
1009 1421 1039 1467 c.
1051 1397 1167 1493 §.doh

147 1497 202 1575 nir
215 1497 259 1583 rtis
272 1500 383 1576 ericus
402 1495 467 1572 lm
484 1496 786 1581 lladloruitouraime
800 1500 862 1574 iore
881 1495 991 1587 launo
1010 1492 1103 1577 aleo
1123 1505 1167 1589 aqi

37 1639 38 1701 3
144 1600 219 1689 tritt
230 1601 318 1691 reiro
339 1608 477 1675 walam.
493 1604 631 1673 Harum
649 1626 733 1674 vero
753 1604 907 1677 neutrius
926 1605 1057 1674 mentio
1073 1610 1168 1698 apud

37 1763 38 1784 2
145 1725 272 1778 nostrum
282 1705 577 1780 Dicaearchumsi
585 1708 726 1800 quidem
735 1710 1039 1801 propterea,quod
1047 1728 1169 1801 postea

37 1809 38 1860 l
144 1813 327 1909 contigerint
336 1837 440 1907 quam
453 1813 528 1906 ipse
538 1812 727 1905 scripserit,
738 1813 785 1881 ita
796 1809 940 1881 fortasse
949 1830 1165 1904 sequeretur,

37 1981 38 2000 χ
142 1912 197 1983 hoc
211 1916 280 2009 ipso
297 1918 472 1988 decennio
489 1915 584 2015 illum
596 1917 670 1985 haec
690 1914 1099 1985 fuissecommeritatum.
1115 1914 1166 1987 lta

142 2018 277 2089 nimirum
301 2020 506 2095 Plutarchus
529 2020 736 2091 hodiernus:

139 2229 270 2311 sll0pus
284 2242 433 2313 prosaicum
447 2228 560 2291 fortassis
575 2246 638 2289 ante
651 2251 716 2287 anu.
727 2229 830 2306 olymp.
847 2243 936 2297 cxxt,
958 2250 982 2287 2.
999 2228 1167 2289 Emendatur

421 2308 494 2367 locus
510 2306 649 2365 Plutarchi
659 2308 688 2364 in
699 2302 833 2385 Demetrio.

181 2488 239 2562 Sed
246 2479 403 2565 nondum
412 2495 543 2581 esthaec
555 2489 731 2587 profecto,
745 2488 977 2581 quaevidetur,
989 2506 1073 2557 nota
1082 2505 1164 2557 tem·

136 2596 214 2686 poris
238 2598 271 2667 in
302 2596 545 2696 angustiores,
572 2618 678 2689 quam
708 2616 800 2686 quos
827 2592 1010 2673 dedimus,
1039 2590 1164 2661 limites

135 2701 349 2773 contrahendi.
371 2701 549 2770 Incertum
573 2716 625 2768 est
656 2695 825 2791 imprimis
850 2719 894 2764 an
920 2694 983 2787 qui
1010 2695 1162 2767 solarum

134 2798 493 2893 meminitra'larsa'rprm
507 2804 536 2872 is
549 2800 650 2871 etiam
663 2800 946 2905 oppugnationes
959 2798 1060 2869 fuerit
1071 2823 1167 2870 com·

134 2929 362 2982 memoraturus
378 2911 443 2981 sibi
458 2928 602 3002 quoque
617 2920 824 2999 compertas.
839 2901 890 2972 lta
908 2902 972 2971 erit
989 2902 1163 2972 incertum

133 3013 330 3106 scripserime
352 3033 432 3084 ante
451 3013 528 3082 illas
549 3008 851 3105 oppugnationes,
865 3030 908 3075 an
927 3025 1057 3099 postea.
1070 3007 1162 3077 Tum
1249 3096 1252 3099 Ι

133 3131 160 3182 et
175 3140 331 3189 numerus
349 3134 531 3212 suspectus
548 3131 617 3193 est,
638 3112 695 3180 vel
711 3111 828 3205 potius
846 3107 1029 3178 manifesto
1045 3104 1182 3179 salsus*
1254 3107 1257 3117 '

130 3215 208 3287 Nam
241 3229 280 3295 1⁰
321 3246 415 3291 anno
454 3221 499 3291 ab
534 3216 785 3288 instauratione
813 3232 832 3281 a
862 3210 1061 3281 Cassandro
1090 3214 1176 3284 illas
1285 3250 1287 3257 v

130 3318 281 3396 Demetrii
302 3324 588 3423 oppugnationes
616 3343 691 3422 non
713 3315 820 3386 fuisse
843 3333 974 3385 certum
1000 3334 1062 3385 est.
1087 3316 1163 3387 lmo

131 3427 227 3497 multis
250 3432 362 3498 adhuc
391 3428 491 3496 annis
516 3424 726 3493 recentiores
751 3420 824 3489 illas
847 3417 951 3488 fuisse
974 3443 1164 3513 oppugna-

130 3528 227 3599 tiones
249 3556 268 3600 e
287 3521 475 3602 Plutarcho
498 3531 575 3622 ipso
601 3524 821 3595 manifestum
848 3540 898 3591 est
911 3549 926 3601 ;,
942 3538 1013 3590 tum
1035 3522 1164 3593 scilicet

130 3653 195 3700 cum
211 3638 244 3702 in
268 3635 487 3704 Macedoniae
508 3631 729 3725 possessione
748 3644 838 3697 esset
854 3626 1062 3714 Demetrius.
1086 3626 1164 3695 Nec

128 3734 239 3833 longe,
263 3758 307 3829 ut⁸
327 3740 482 3820 videtur,
505 3736 547 3846 ab
570 3734 654 3803 inita
680 3732 771 3800 illius
800 3731 902 3827 regni
928 3730 1161 3823 possessione.

162 3876 170 3902 ¹
188 3872 248 3951 Pag.
266 3874 298 3944 Β,
308 3875 392 3933 lluds
