2834 4659
267 316 341 401 240
653 330 914 385 nrssrznrsrro

263 444 395 511 hostem
404 436 623 532 profiteretur
633 436 868 507 Mithradates.
876 438 976 507 ‘Tum
988 438 1109 510 denuo
1121 437 1308 535 Bithyniam

265 532 461 636 occupavit,
481 542 585 635 pulso
600 542 726 609 iterum
743 540 936 610 Nicomede
956 539 1192 634 Philopatore.
1210 542 1310 611 Nuda

264 666 382 721 tamen
410 646 576 737 deinceps
598 646 729 713 mentio
752 645 843 741 regis
870 646 908 713 in
932 644 1310 735 Bithynia·.Nicomedis

266 750 404 819 Chresti
417 774 437 817 a
450 749 659 819 Mithradate
673 748 750 840 ipso
766 765 867 818 antea
880 743 1029 819 suffecti.
1045 748 1197 818 Proinde
1210 751 1311 818 altero

234 931 236 937 ,
266 854 405 925 illorum
422 867 594 921 annorum
611 850 786 944 scripsisse
801 868 939 943 oportet
953 870 1131 921 auctorem
1147 872 1311 922 nostrum.

184 976 188 985 ·
269 956 348 1052 Ego
367 956 473 1049 priori
492 956 605 1047 potius
629 978 725 1023 anno
747 954 847 1023 Varr.
867 951 943 1035 664
964 954 1141 1049 scripsisse
1158 957 1310 1050 arbitror,

267 1063 352 1128 dum
378 1058 465 1153 nulli
491 1059 715 1128 imminerent
736 1058 779 1128 ab
804 1058 928 1126 aemulo
957 1057 1061 1127 fratre
1085 1076 1225 1141 motus,
1247 1052 1314 1127 'nec
1381 1055 1382 1080 ³

226 1186 233 1199 ·
270 1186 442 1233 novorum
465 1179 624 1231 motuum
641 1162 872 1254 suspiciones.
889 1160 1054 1258 Regnum
1074 1171 1167 1233 'certe
1184 1187 1312 1232 novum

270 1267 462 1360 supponit,
485 1284 519 1335 et
545 1289 670 1333 novam
695 1256 880 1359 xprdirrrvr
906 1266 1195 1357 appellationem,
1218 1267 1313 1359 quasi

270 1392 400 1438 novum
425 1369 500 1463 ipse
524 1366 678 1437 facturus
695 1364 878 1461 xpndr'rrrrr
895 1369 1200 1462 experimentum:
1224 1364 1316 1463 Πὲραι

271 1466 429 1560 imhiprr'
449 1467 534 1547 edric
548 1474 600 1540 ἐπ’
624 1469 731 1555 {peuri
748 1470 859 1541 hadda
879 1469 935 1541 Sic
947 1472 1061 1541 >fuerit
1077 1491 1197 1541 noster
1217 1474 1315 1567 paulo
1382 1509 1383 1532 ³

270 1578 389 1667 junior
408 1575 574 1667 Polybio,
600 1578 767 1666 testisque
786 1576 835 1645 rei
854 1577 1096 1672 geographicae
1116 1576 1220 1669 pauio
1243 1601 1317 1644 auc·

271 1682 367 1757 ‚tioris
384 1703 487 1773 quam
507 1678 628 1748 fuisset
648 1700 742 1749 aetate
761 1679 909 1771 Polybii,
928 1702 967 1748 ut
984 1702 1065 1749 mox
1083 1683 1315 1749 ostendemus.

273 1784 423 1862 AEtatem
446 1775 608 1875 praeterea
627 1803 836 1880 argumento
853 1807 874 1851 a
896 1785 1318 1877 sesusceptoparemha·

274 1886 389 1981 bebat.
416 1886 535 1971 Quem
550 1887 644 1956 enim
671 1910 764 1957 anno
789 1886 836 1956 U.
858 1885 904 1955 C.
923 1935 932 1965 ,
952 1885 1053 1956 Van.
1077 1890 1179 1968 610,
1205 1904 1317 1955 natum

273 1989 514 2087 probavimus,
529 1991 557 2059 is
569 2014 663 2059 anno
677 1991 837 2083 praedicto
851 1989 1072 2059 Varroniano
1084 1986 1174 2081 664,
1191 2014 1318 2059 annum

275 2094 386 2190 egerit
403 2112 541 2191 oportet
559 2095 679 2177 atatis,
704 2097 747 2163 ad
767 2094 968 2175 minimum,
989 2093 1091 2163 lem.
1110 2094 1235 2164 Minor
1246 2117 1319 2163 ‘esse

275 2220 350 2265 non
368 2198 497 2290 potuit,
515 2198 629 2291 potuit
643 2196 788 2267 fortasse
803 2197 909 2291 paulo
925 2196 1031 2281 fuisse
1045 2199 1169 2288 major.

275 2400 297 2456 ς.
316 2385 376 2444 VII.
395 2346 575 2447 Conveniunt
590 2390 649 2446 loca
665 2388 716 2453 suh
733 2388 848 2466 Scymni
864 2388 930 2445 Chii
946 2362 1055 2445 nomine
1073 2410 1089 2445 a
1106 2389 1243 2446 veteribus
1264 2409 1321 2467 pro
1384 2425 1385 2428 =

313 2465 365 2521 iata
381 2484 445 2521 cum
462 2466 515 2521 hoc
530 2485 625 2544 opere,
653 2486 706 2545 qua
727 2466 837 2545 quidem
854 2463 941 2522 verbu·
954 2464 1024 2521 iilius
1044 2467 1152 2557 integra
1172 2465 1322 2529 habemus,

275 2571 279 2581 ·
312 2540 498 2619 geographico.
536 2626 539 2635 ‚

327 2711 362 2781 A
384 2713 527 2781 nomine
546 2713 695 2781 auctoris
716 2715 825 2783 nostri
844 2716 957 2783 adhuc
977 2714 1139 2784 consulto
1160 2715 1323 2785 abstinui·

277 2840 373 2896 mus,
397 2818 494 2909 quod
519 2815 700 2885 Marciano
725 2815 938 2888 Heracleote
956 2818 1082 2887 librum
1108 2819 1324 2912 adscripserit

276 2924 413 3003 codex,
447 2942 562 3012 equo
589 2920 743 3014 prodiit,
775 2923 925 3003 unicus,
950 2921 1137 2995 Palatinus.
1164 2922 1323 2992 Errorem

276 3026 407 3119 primus
427 3024 556 3093 detexit
576 3024 803 3105 Holstenius,
826 3050 899 3093 non
918 3026 1061 3117 quidem
1083 3050 1127 3095 ex
1143 3026 1244 3108 aliis,
1267 3025 1324 3119 qui

276 3129 414 3221 titulum
432 3127 535 3199 alium
553 3126 770 3220 praeferrent,
791 3128 1250 3222 codicibus'manuscriptis3
1265 3130 1322 3197 sed

278 3255 297 3299 e
317 3230 401 3300 locis
423 3231 489 3299 sub
510 3226 650 3322 Scymni
673 3230 755 3299 Chii
773 3233 917 3301 nomine
940 3257 959 3300 e
981 3232 1323 3302 veteribus'advoca·

156 3332 158 3343 ’
235 3366 237 3373 ’
277 3335 329 3403 tis
346 3334 494 3403 Dubitat
512 3351 627 3401 tamen
643 3335 755 3403 adhuc
771 3336 814 3404 cl.
833 3322 1170 3433 Vindingius,'idne
1182 3337 1324 3404 vincant

276 3436 352 3509 {oca
370 3456 525 3507 veterum
540 3437 583 3505 ab
599 3436 785 3507 Hoistenio
801 3439 948 3531 prolata,
970 3442 1069 3530 quod
1082 3440 1223 3509 volebat
1238 3438 1325 3507 Hot-

276 3542 420 3611 stenius.
443 3539 591 3619 Interim,
607 3566 678 3609 non
703 3542 855 3623 dubitat,
877 3543 982 3611 alium
1007 3566 1084 3611 esse
1103 3545 1219 3635 operis
1243 3566 1323 3610 auc·

276 3663 385 3715 torem
407 3644 503 3741 ligati
529 3645 572 3713 ab
593 3645 707 3739 operis
731 3646 836 3714 soluti
862 3664 1025 3729 auctore,
1053 3667 1161 3738 quem
1187 3646 1324 3714 co'dices

277 3771 357 3817 mss.
373 3748 592 3817 Marcianum
613 3749 791 3841 appellant
805 3749 1060 3818 Heracleotam.
1077 3750 1228 3819 AEtatern
1243 3750 1324 3817 utri-

276 3874 389 3945 usque
412 3852 562 3921 auctoris
591 3851 856 3954 diversissimam
883 3853 984 3939 etiam
1011 3854 1087 3946 ipse
1112 3842 1325 3953 observavit,
