2834 4659
236 359 320 457 ,344
609 380 932 435 annotationes

239 473 516 561 industrialia
533 472 703 558 ‘Honestior
720 480 814 544 macir.
833 480 915 544 lllud
931 476 1007 545 mire
1020 482 1154 547 ostendit
1172 506 1214 549 me
1226 510 1277 552 uon

241 560 1275 656 vaneinterpolatiouenrapudScylac.init.subodoratumfuissem).

242 650 367 731 Nempe
379 647 513 713 vidimus
527 650 577 734 (b)
593 649 762 733 Scymnum
778 650 952 729 Columnas
966 653 1120 717 collocare
1129 660 1208 735 juxta
1215 656 1277 721 hod.

245 734 279 795 T
274 732 409 818 rafltlgar
416 782 426 811 ,
449 754 480 799 et
499 732 648 818 Scylacis
660 734 834 799 Columnas
851 759 915 800 esse
931 744 1015 817 juxta
1036 738 1111 801 hod.
1134 738 1165 799 T
1161 762 1240 826 anger
1250 761 1275 805 et

242 821 348 885 Cauta.
370 821 478 903 Ergo,
510 824 637 883 minime
661 825 809 883 convenit
829 823 977 906 scylaceae
997 824 1187 907 geographiae
1197 830 1274 889 iuter-

240 905 357 968 vallum
376 909 467 967 unius
486 899 565 979 dlei,
584 906 671 989 quod
684 906 887 1053 integulator
898 914 1068 984 recentius,
1089 928 1119 972 et
1135 932 1171 972 ex
1188 932 1276 975 recen·

240 991 370 1065 tioribus
379 990 579 1074 opinionibus
587 1037 596 1065 ,
610 995 747 1057 inseruit.
783 991 829 1054 lus
839 1016 934 1076 quarn
948 998 1038 1055 unius
1049 994 1114 1057 diei
1126 998 1181 1058 iter
1190 1010 1277 1059 nume·

240 1096 332 1161 rasset
350 1074 485 1160 Scylax,
502 1080 556 1161 qui
571 1079 633 1141 dies
651 1081 782 1163 quinque
794 1075 863 1141 freti
880 1079 1069 1164 longitudini
1087 1080 1199 1142 tribuit.

283 1162 337 1225 Vs.
362 1180 430 1243 152.
443 1154 584 1245 ’hodieq
598 1160 772 1246 Stephanus
784 1160 1056 1243 vuollpppllrrrlr,
1072 1164 1152 1227 hauc
1162 1164 1274 1227 insulam

241 1247 375 1311 collocat
393 1250 473 1309 inter
489 1247 622 1311 iberiam
642 1264 674 1309 et
691 1245 797 1311 G'ades
813 1273 821 1309 τ
836 1254 1016 1334 optimeque
1031 1273 1103 1312 cum
1121 1254 1276 1332 nostro(ut

158 1367 161 1373 -
241 1336 341 1417 inquit
359 1332 539 1415 Berkelius)
559 1353 576 1395 a
593 1330 736 1395 Gadibus
748 1331 899 1397 diversam
913 1340 1036 1410 statuit,
1058 1335 1211 1419 quantalii
1222 1357 1275 1419 pes·

239 1422 316 1479 sime
339 1418 388 1481 ob'
406 1422 600 1481 vicinitatem
629 1438 699 1479 cum
728 1416 871 1481 Gadibus
898 1418 1107 1483 confundunt.
1134 1418 1276 1482 Salmasius

239 1508 333 1577 etiam
358 1502 398 1565 ad
420 1502 564 1565 Solinurn
584 1524 653 1587 pag.
671 1524 752 1580 201,
771 1502 909 1589 pluribus
927 1502 1078 1581 adstruit,
1100 1508 1187 1568 sitam
1202 1504 1277 1567 fuisse

240 1594 320 1653 inter
330 1592 407 1650 ostia
420 1588 509 1650 Raetis
523 1605 555 1651 et
567 1587 681 1651 Gades.
690 1588 819 1651 Vossius
831 1594 1001 1666 existimat,
1012 1608 1066 1652 aut
1079 1589 1192 1652 nullam
1200 1588 1275 1651 luisse

156 1703 158 1715 =
239 1674 402 1758 Erythiam
421 1673 574 1752 insulam,
598 1692 652 1736 aut
667 1695 738 1738 vera
755 1696 820 1737 esse
838 1697 908 1759 quae
927 1674 966 1737 de
988 1676 1045 1738 hac
1065 1675 1237 1739 Aristoteles
1250 1679 1277 1736 in

240 1757 438 1823 Mirabilibus
455 1762 594 1842 scripsit,
620 1780 731 1844 nempe
748 1759 909 1843 Erythiam
924 1759 1018 1823 fuisse
1029 1764 1069 1821 ,in
1089 1760 1193 1845 Epiro.
1207 1758 1275 1821 Vide

242 1844 407 1907 Observat.
429 1843 468 1905 ad
487 1844 615 1907 Melam.
634 1844 688 1906 lib.
713 1862 745 1920 1,
768 1865 834 1928 cap.
857 1845 888 1907 6.
910 1844 1013 1909 Vossii
1031 1849 1188 1908 sententia
1207 1841 1276 1927 lavet

175 1924 177 1928 ⁵
237 1929 358 2013 Scylax
366 1933 437 2013 ,qui
451 1928 612 2013 Erythiam
624 1930 655 1989 in
669 1929 782 2013 Illyriis
795 1934 942 2013 ponit,p.
953 1951 1009 2005 10,
1022 1929 1072 1993 ed.
1085 1931 1189 1993 Oxou.
1201 1928 1276 1991 Vale-

241 2016 346 2077 sinsin
359 2031 422 2076 not.
438 2013 477 2077 ad
490 2016 596 2078 Anum.
613 2014 752 2080 Marcell.
767 2032 827 2091 xv,
839 2018 917 2102 9(p.
929 2037 968 2100 97
979 2018 1002 2099 l,
1017 2019 1122 2078 asserit
1134 2014 1225 2078 Gadis
1236 2018 1276 2075 in·

239 2100 336 2163 sulam
347 2120 409 2163 esse
424 2100 632 2183 Erythiam,«
647 2103 775 2163 nomine
787 2104 852 2185 ipso
863 2104 1014 2183 originem
1025 2122 1111 2163 suam
1121 2100 1277 2173 indicante;

239 2189 390 2272 quoniam
404 2183 495 2269 Tyrii
512 2184 741 2249 Gaditanorum
755 2190 874 2269 generis
891 2206 1050 2264 auctores,
1071 2208 1109 2249 ex
1122 2185 1198 2250 locis
1209 2186 1277 2268 Ety-

239 2272 337 2337 thraeo
352 2274 427 2331 mari
442 2274 587 2353 proximis
604 2270 733 2353 profecti
751 2294 814 2333 esse
833 2270 1017 2335 dicuntur.»
1039 2272 1146 2334 Hads.

285 2358 371 2435 Quae
392 2356 513 2434 insula,
539 2354 666 2419 laudata
688 2354 832 2419 Hesiodo
862 2358 973 2444 Τήιος.
1004 2379 1048 2419 vs.
1072 2376 1135 2443 290
1156 2374 1187 2419 et
1209 2354 1277 2439 983,

237 2440 345 2505 Plinio
361 2458 412 2517 tv,
433 2462 493 2517 22,
513 2442 606 2504 Festo
618 2442 744 2505 Avieno
766 2443 819 2504 Or.
832 2443 932 2506 morit.
950 2466 980 2504 u.
994 2462 1056 2526 309
1073 2460 1104 2505 et
1116 2447 1192 2525 314,
1204 2440 1277 2503 Stra·

239 2528 379 2612 bonique
391 2550 421 2610 p.
433 2546 492 2589 221
518 2543 548 2589 et
560 2544 635 2607 257,
656 2524 710 2589 lin.
723 2572 732 2601 ,
749 2526 798 2589 ed.
818 2522 933 2591 Almel.
946 2528 1071 2612 Dequo
1085 2527 1125 2590 cf.
1142 2527 1240 2589 adnot.
1250 2528 1275 2585 iu

241 2612 364 2697 Scylac.
377 2635 407 2696 p
422 2628 494 2693 332.
511 2612 660 2673 Meminit
681 2634 807 2696 quoque
824 2612 962 2695 Erythiae
978 2611 1159 2677 Herodotus
1171 2616 1200 2673 in
1217 2609 1275 2671 loto

241 2695 456 2782 interpretibus
472 2694 555 2758 haud
575 2700 644 2760 satis
663 2696 821 2760 intellecto
839 2714 896 2773 tv,
911 2696 969 2766 82,
982 2748 990 2764 .
1004 2744 1033 2761 ..
1053 2692 1192 2778 'EpdStrar
1204 2694 1276 2767 rior,

242 2780 284 2848 sir
299 2774 539 2864 aptacharium
553 2776 614 2844 nior
629 2771 686 2865 ἔξω
698 2778 870 2859 ‘nmmos
882 2778 997 2851 atisin
1017 2791 1084 2845 aut
1097 2793 1154 2871 up
1175 2786 1277 2842 oaus-

240 2880 315 2953 Νῼ.
350 2868 484 2930 Vertunt
507 2889 615 2929 omnes
641 2870 680 2930 ins
702 2869 849 2945 Oceano,
880 2887 911 2931 et
938 2867 1121 2930 mendosum
1154 2865 1277 2946 judicant

243 2951 271 3016 ri
288 2949 336 3014 ἐπί
356 2951 522 3027 Valcken,
544 2952 689 3028 Wessel.,
704 2953 884 3017 harcherius
896 2955 962 3037 (c);
983 2952 1036 3017 sed
1048 2944 1276 3036 significativis.

185 3085 190 3108 .,
239 3037 304 3115 ·Ὠ.,
330 3040 362 3099 ἰη
387 3038 473 3101 aditu
502 3038 623 3103 Oceani.
643 3036 741 3101 Conf.
764 3056 830 3102 not.
847 3038 911 3118 426
932 3038 973 3103 ad
994 3034 1115 3121 Scylac.
1131 3086 1140 3114 ,
1158 3054 1186 3101 rt
1206 3034 1276 3099 aad.

240 3144 310 3209 pag.
326 3121 401 3207 564,
420 3122 489 3207 565.
508 3122 572 3187 Hie
592 3122 679 3187 locus
697 3124 877 3202 Herodoti,
897 3130 961 3189 vim
983 3124 1072 3187 addit
1091 3127 1129 3186 iis
1172 3135 1276 3183 uasta·

240 3228 328 3281 tuere
336 3226 535 3271 tentaveram.
547 3209 695 3272 Ceterum
707 3208 747 3272 de
754 3213 841 3273 vocis
857 3208 985 3295 Ἐρύθεια
1001 3226 1096 3294 etym.
1117 3145 1179 3274 vid.
1192 3202 1275 3268 Both.

142 3366 146 3377 ¹
242 3294 352 3379 Geogr.
369 3316 445 3357 sacr.
465 3292 524 3357 col.
540 3294 615 3373 613.

248 3452 266 3471 μ
283 3381 338 3443 Vs.
352 3395 420 3459 153.
432 3374 620 3464 Bahrolyt‘nar]
634 3380 762 3456 Strabo,
771 3404 800 3465 p.
808 3402 883 3463 257‚
894 3380 946 3444 fin.
958 3382 1043 3445 nim.
1055 3406 1063 3443 r
1073 3374 1232 3461 ’Ἐρύθειαν
1243 3370 1277 3436 ··3'

241 3466 263 3545 μ’
282 3461 317 3527 tol
334 3461 400 3533 mel
421 3462 460 3527 roi
485 3459 802 3546 rnpvlrurpwatiovau.
823 3466 971 3533 Ostendit
994 3463 1163 3530 bochartus
1184 3462 1277 3543 Gerga

238 3574 314 3615 sacr.
329 3548 388 3611 col.
405 3548 468 3611 612
477 3595 486 3623 ,
502 3549 586 3634 613,
604 3573 663 3635 qua
683 3549 867 3617 confusione
881 3553 975 3615 boves
994 3552 1147 3635 Geryonis
1163 3548 1231 3611 illuc
1245 3565 1275 3605 ex

239 3636 346 3721 Illyria
365 3634 606 3698 transvehuntur.
724 3693 729 3700 f

282 3716 342 3785 Vs':
357 3716 424 3803 156.
439 3715 817 3805 nnamdrurnia'mr]
827 3722 969 3785 Erasmus
982 3720 1169 3804 Vindingius
1182 3717 1275 3779 vertit:

238 3812 282 3873 ad
298 3806 472 3873 occidentem
491 3806 657 3893 AEtlriopas
676 3807 856 3871 habitatores
873 3809 976 3873 labere
990 3810 1094 3871 dicunt
1109 3804 1191 3869 illam
1212 3799 1275 3879 (lo-

267 3948 301 4003 (a)
315 3946 381 3990 Conf.
394 3946 501 3989 nontoad
511 3947 590 4004 seylae.
602 3962 621 4002 p.
634 3960 687 4003 331,
697 3960 747 4002 332.
814 3946 854 4001 (c)
871 3948 939 3990 Taces
956 3933 1074 4003 Schweigh.
1093 3951 1116 3991 in
1132 3955 1173 3988 not
1189 3950 1209 3984 et
1227 3936 1279 3984 vertit

268 4006 302 4060 (b)
317 4007 378 4059 Supr.
387 4004 413 4044 ad
423 4016 454 4049 vs.
465 4016 512 4060 139.
785 4006 901 4061 quoquer'rr
918 4004 1002 4049 Orraon
