2834 4659
426 362 603 427 srusous
630 360 899 415 sstcnrnrrs.
1143 352 1185 441 65
1260 336 1277 415 ’,
1391 384 1393 401 ,

134 494 271 563 nempe
291 452 592 565 patris'rlntigoni
615 490 720 565 quam
749 468 877 559 olymp.
903 444 1192 551 cxlx,d,·idem
1275 546 1300 555 ..

137 574 335 669 contigisse
352 589 513 641 testatur.
545 571 654 641 Plane
677 590 717 640 ut
739 570 813 663 ipse'
842 570 1022 640 Eusebius.
1047 573 1091 642 Et
1109 564 1203 656 vero,

24 736 28 743 .
138 700 261 773 regem
287 670 395 746 fuisse
415 671 588 755 Hellsdis,
615 674 730 743 multis
752 692 849 743 antea
868 696 972 764 quam
991 698 1050 743 rerr
1071 678 1195 747 Mace-

140 780 255 849 doniae
270 777 377 870 ¹lieret
408 779 534 859 annis,
551 780 682 866 docent
697 775 888 872 fragmenta
908 780 1067 869 praedicta
1089 776 1194 851 Scali-

141 907 287 980 gerana.
317 882 511 975 Hucusque
538 881 652 949 tenuit
675 880 844 949 Demetrii
870 881 1062 971 praesidium
1088 886 1195 953 Athe·

142 987 295 1058 nienses
307 985 593 1080 putsoLactme,
610 984 656 1052 ab
666 984 797 1075 olymp.
810 1000 907 1064 cxx,
921 1004 955 1053 2.
972 984 1065 1069 Quis
1078 1004 1194 1075 autem
1267 1041 1274 1050 .

142 1113 207 1171 rex
218 1089 279 1159 ille
289 1085 394 1157 fuerit
403 1067 628 1167 Ptoleniaeus,
642 1089 744 1175 cujus
757 1108 890 1155 coenum
904 1087 1005 1155 aliam
1018 1090 1196 1183 descripsit

144 1194 235 1268 idem
252 1192 430 1285 Lynceus,
453 1214 530 1261 non
543 1208 702 1259 constat.
724 1188 842 1259 Potuit
860 1190 1065 1261 Ptolemaeus
1088 1192 1196 1264 fuisse

142 1295 332 1368 Ceraunus
339 1319 403 1365 rex
409 1295 641 1365 Macedoniae.
647 1293 768 1379 Potuit
778 1294 879 1363 etiam
892 1290 994 1363 frater
1005 1289 1122 1381 fuisse',
1136 1301 1196 1391 qui
1229 1374 1232 1379 ,

142 1422 203 1469 rex
225 1416 299 1471 erat
319 1399 464 1496 AEgypti
476 1448 488 1481 ,
514 1396 767 1490 Philadelphus.
798 1398 913 1493 Magis
940 1414 1056 1468 tamen
1083 1402 1197 1472 credi-

141 1503 253 1572 derim
273 1502 492 1572 Macedoniae
509 1524 628 1597 regem
642 1499 773 1579 fuisse,
793 1503 892 1591 culus
906 1524 1011 1569 coenae
1023 1504 1195 1599 particeps

141 1604 248 1678 fiterit
265 1606 442 1698 Lynceus,
467 1606 530 1697 qui
542 1606 634 1674 idem
654 1626 788 1673 coenam
808 1601 938 1673 Catani
960 1605 1142 1701 descripsit
1158 1608 1197 1678 in
1236 1679 1240 1685 ,

91 1801 96 1810 .
142 1710 370 1781 Macedonia.
390 1709 435 1777 Et
457 1710 663 1801 nequidem
688 1707 734 1777 ita
755 1706 940 1800 quicquam
964 1731 1101 1806 pugnat
1121 1713 1198 1805 quo

143 1812 320 1889 minusad
339 1812 666 1909 grandioremmatu
686 1809 916 1903 Posidippum
934 1813 1046 1883 literas
1064 1817 1197 1887 dederit
1229 1874 1232 1891 .

142 1916 400 1989 adolescentior
425 1916 502 2009 ipse
528 1916 701 2008 Lynceus.
724 1912 864 1983 Poterat
889 1916 991 1984 etiam
1016 1917 1194 2011 Lynceus,

140 2043 225 2093 cum
247 2013 373 2090 dehac
394 2019 516 2089 ultima
536 2042 634 2087 coena
648 2018 836 2099 scriberet,
864 2021 930 2108 jam
954 2022 1066 2089 media
1090 2021 1196 2092 fuisse

141 2141 267 2206 aetate,
288 2123 344 2193 vel
360 2121 506 2192 fortasse
522 2123 730 2216 provectior.
1101 2122 1103 2125 ’

130 2309 166 2362 ·ς.
179 2293 266 2353 xvlt.
279 2294 423 2352 Zenonem
435 2281 570 2352 Citticum
584 2298 674 2351 stoicae
685 2309 763 2374 sectae
779 2295 946 2353 conditorem
958 2301 1111 2375 perstrinxit
1124 2301 1197 2357 Posi·
1246 2348 1251 2357 .

181 2370 288 2447 (lippus.
297 2370 410 2427 Annum
419 2373 475 2449 egit
482 2358 559 2425 Zeno
566 2374 627 2426 vitae
636 2384 751 2437 Lxxxffl,
763 2370 811 2426 sub
822 2372 959 2449 Antigono
974 2372 1089 2429 Gonata.
1104 2373 1197 2431 Postea

183 2452 266 2509 anuos
275 2459 360 2506 xvnl.
368 2446 428 2507 Sub
439 2444 535 2503 eodem
552 2461 642 2504 tamen
655 2460 776 2503 mortuus
786 2446 932 2524 Antigono.

196 2605 311 2680 Aliam
323 2609 368 2676 de
380 2574 561 2701 Posidippi
570 2626 665 2677 aetate
678 2628 797 2677 notam
811 2608 912 2677 habet
923 2608 1089 2687 Laertius.
1104 2607 1195 2677 Nam

138 2729 177 2780 et
189 2704 378 2779 Z'erronem
396 2702 602 2781 Cittiensem
616 2714 729 2781 stoicae
742 2704 982 2805 §compatrem
1004 2710 1102 2783 abeo
1121 2736 1197 2805 per·

126 2808 301 2891 'strictum
319 2838 395 2903 esse
419 2834 533 2885 narrat
550 2816 585 2885 in
598 2814 734 2897 fabula,
755 2815 812 2883 cui
830 2815 966 2891 titulum
992 2812 1073 2886 fecit
1097 2832 1196 2885 susu-

137 2913 389 3002 osysmrordib.
413 2936 492 3002 vtt,
512 2922 547 2986 n.
568 2942 629 3006 27.
652 2919 764 2990 Antea
788 2935 902 2990 tamen
922 2942 1029 3019 quam
1046 2919 1197 3016 intelligi

136 3022 258 3114 possit
274 3044 348 3115 quo
364 3019 464 3093 faciat
484 3023 554 3095 hoc
567 3021 748 3115 Posidippi
769 3022 979 3113 convitium,
1005 3046 1050 3091 an
1067 3022 1198 3093 scilicet
1244 3050 1249 3063 ³

134 3126 319 3215 juniorem
341 3136 501 3218 poetam,
527 3150 571 3193 an
595 3126 787 3207 seniorem,
812 3122 929 3223 faciat,
945 3126 1197 3205 ¹constituenda

132 3248 220 3300 aetas
234 3247 288 3305 est
300 3229 515 3307 celeberrimi
527 3229 737 3322 philosophi.
755 3228 805 3297 Ea
818 3229 1037 3321 potissimum
1050 3230 1197 3325 ratione,
1246 3307 1251 3314 ¹

134 3335 261 3427 quod,
276 3334 527 3403 sententiarum
541 3332 709 3412 dissidiis,
725 3331 818 3407 illam
828 3332 993 3414 incertam
1007 3327 1199 3415 difficilem·
1276 3380 1278 3386 ,

132 3461 212 3530 que
221 3435 541 3513 feceritlnertiusk
555 3436 704 3512 AEtatem
714 3436 809 3506 ‘illius
819 3436 856 3515 in
868 3438 1070 3517 universum
1084 3438 1196 3529 annos

132 3558 294 3623 xcvtn,
310 3540 663 3637 potiuqagnoverim
686 3563 792 3633 quam
815 3538 985 3611 minorem
1010 3539 1107 3609 illurn
1129 3564 1198 3607 nu·

129 3669 286 3722 merum,
296 3669 409 3739 quem,
421 3668 442 3712 e
454 3643 590 3713 Persaeo
604 3643 748 3739 collegit
761 3644 872 3731 idem,
890 3642 953 3738 qui
969 3644 1071 3733 hujus
1089 3643 1197 3713 nostri

127 3773 281 3844 quoque
300 3748 556 3824 numeritestis
573 3765 645 3830 est,
666 3746 832 3827 Laertius.
851 3744 1009 3844 ,Constat
1025 3764 1118 3815 certe
1133 3746 1198 3823 sibi
1223 3760 1227 3763 ·

180 3916 278 3979 'Latro
291 3918 414 3983 lib.vu,
427 3932 455 3967 n.
465 3910 516 3970 28.

239 4042 284 4093 rr.
488 4104 494 4109 ³
650 4017 653 4023 '
1026 4030 1048 4079 s
1088 4112 1100 4121 .
