2834 4659
139 389 143 422 r
233 328 307 438 nlxx
426 369 688 425 urssearrrto
717 332 770 423 ui:
800 370 1068 439 proaemio,

229 479 502 547 adolescentum.
520 475 564 543 Et
580 477 674 544 hunc
690 498 816 545 vocum
834 497 935 545 usum
949 478 1136 545 concedit'
1127 498 1163 544 tn
1184 476 1287 573 vulgi

229 601 390 651 sermone
399 578 507 648 fuisse
518 578 851 670 frequentissimum.
862 579 904 647 Et
917 598 1008 649 certe
1022 581 1067 649 ita
1080 582 1173 650 cives
1183 598 1218 649 et
1229 584 1288 649 iar-

231 684 386 770 demirare
397 678 486 769 ξένας
498 679 653 770 junxitS.
667 677 791 764 Lucas,
805 682 911 776 plane
923 708 987 776 pro
990 668 1158 776 exemplo
1171 687 1289 755 nostri

160 872 163 876 ¹
232 787 432 857 Dicaearchi
445 786 524 855 Nec
537 787 639 853 video
647 784 808 878 profecto
818 810 876 854 cur
890 812 907 855 a
921 787 1074 873 civibus,
1090 790 1134 856 de
1147 790 1286 881 quibus

232 910 353 961 nostro
368 906 446 958 ante
462 909 600 971 sermo,-
625 888 904 958 Atheniensibus*
916 892 958 959 ad
972 840 1124 984 hospites
1133 940 1142 971 ,
1159 893 1287 963 hocin
1380 972 1386 981 ι

168 1034 170 1038 ·
232 998 311 1064 loco
331 994 511 1063 transitum
528 993 664 1071 fecerit,
686 993 754 1061 nisi
770 996 813 1061 ad
833 995 926 1063 cives
942 995 1038 1087 ipsos
1057 995 1288 1088 pertinuisset

233 1099 409 1191 hospitum
423 1120 539 1165 secum
554 1099 846 1165 commorantium
862 1097 919 1165 illa
937 1090 1085 1175 anati.
1097 1098 1173 1165 lmo
1190 1101 1288 1169 hanc

231 1204 341 1296 ipsam
365 1197 517 1278 anach
536 1195 736 1279 mortaniam
755 1200 896 1277 habuit,
916 1202 953 1269 ni
971 1200 1091 1282 fallor,
1110 1202 1146 1271 in
1161 1222 1287 1273 mente

176 1395 178 1400 Ι
234 1306 474 1390 Dicaearchus,
506 1328 583 1396 quae
611 1302 714 1372 fuerit
729 1297 818 1390 ξένων
840 1304 1288 1377 Atheniensibus‘evrnes-

230 1414 336 1497 μένων.
357 1408 453 1478 Fecit
479 1408 573 1477 enim
602 1407 697 1475 urbis
720 1406 811 1475 fama
829 1426 867 1475 ut
888 1406 994 1477 fuerit
1018 1402 1288 1504 peregrinorum

233 1510 708 1606 hospitiis-frequentissima.
733 1510 810 1578 Nec
832 1510 980 1603 publicis
1006 1511 1072 1581 illis
1099 1512 1289 1607 hospitiis,
1400 1552 1402 1563 0

230 1641 296 1712 pro
315 1640 411 1685 more
434 1616 537 1683 hodie
559 1631 720 1707 recepto;
748 1616 809 1681 sed
827 1616 921 1707 apud
937 1614 1065 1684 civium
1084 1611 1222 1699 lederna>
1247 1639 1290 1689 ut

231 1723 380 1790 amicum
398 1720 550 1811 quisque
561 1718 680 1786 habuit
690 1718 728 1785 in
745 1718 938 1790 civitatibus
953 1720 1165 1816 peregrinis,
1180 1726 1290 1813 cujus

231 1828 305 1919 ipse
321 1823 470 1894 vicissim
488 1822 637 1915 hospitio
656 1822 874 1914 exciperetur
887 1823 923 1891 in
940 1822 1077 1891 illorum
1092 1826 1200 1916 patria
1221 1852 1289 1919 pe·

132 1959 135 1967 ·
231 1929 404 2027 regrinus.
418 1925 488 1996 Pro
504 1929 579 2015 jure
595 1924 725 1993 scilicet
739 1925 975 2018 hospitalitatis
992 1944 1027 1995 et
1041 1928 1288 2019 symbolorum

231 2053 508 2122 tesserarumque
533 2028 625 2097 ultro
651 2029 808 2119 citroque
832 2032 1023 2099 dandarum
1054 2036 1287 2105 commercio.

232 2138 282 2205 Hi
299 2153 396 2205 erant
412 2152 503 2204 certe
517 2128 598 2221 ξένοι
618 2128 828 2215 maeandrum,
848 2154 1011 2223 quorum‘
1022 2135 1173 2227 quisque
1184 2139 1289 2209 domi

231 2265 302 2311 suar
318 2240 494 2309 consortio
508 2236 691 2306 frueretur.
711 2236 984 2329 Fecitfpraeterea
994 2237 1053 2306 illa
1067 2262 1146 2305 cum
1163 2239 1290 2334 hospi-

130 2394 146 2430 ·,
232 2342 588 2421 tibus-conversatio,·
603 2358 642 2435 ut
658 2344 702 2409 de
719 2340 822 2410 rebus
841 2341 974 2433 ubique
994 2359 1159 2411 terrarum
1177 2347 1289 2439 gestis

231 2450 457 2530 resciscerent
480 2445 733 2522 Athenienses,
754 2446 852 2536 quod
869 2445 980 2513 indoli
997 2442 1190 2515 novitatum
1210 2468 1289 2519 stu-

230 2555 340 2623 diosae
352 2572 426 2618 non
444 2567 496 2617 est
512 2550 609 2640 quod
629 2548 828 2615 dubitemus
848 2549 935 2638 quin
957 2548 1068 2618 fuerit
1079 2550 1188 2648 longe
1201 2578 1288 2651 gra

232 2658 412 2726 tissimum.
439 2653 491 2721 lta
514 2654 557 2720 ad
584 2651 712 2718 civium
736 2642 856 2720 nala
884 2647 1082 2721 leniendam
1115 2661 1291 2748 spectavit

231 2760 290 2829 illa
306 2762 387 2827 cum
403 2754 597 2848 hospitibus
606 2754 789 2877 pereginis
802 2747 934 2832 anati
957 2755 1164 2841 neamenim,
1189 2778 1223 2830 et
1239 2766 1289 2832 ad

232 2865 324 2934 cives
341 2860 450 2931 adeo
441 2882 516 2953 tpsa
531 2849 661 2936 bada,
682 2878 760 2949 quar
775 2858 841 2935 alia
855 2883 929 2929 esse
945 2885 1019 2929 non
1034 2864 1144 2955 potuit
1160 2864 1204 2932 ab
1221 2890 1286 2951 ea,

231 2990 337 3060 quam
352 2964 440 3044 dixi,
464 2962 531 3033 sub
549 2960 731 3054 Demetrio
747 2961 913 3032 Phalereo
928 2989 936 3043 3
963 2982 1000 3032 ut
1019 2969 1062 3035 ad
1078 2967 1170 3035 cives
1194 2992 1288 3060 pau-

233 3092 333 3165 peres
347 3066 525 3162 spectabat
537 3063 665 3146 fimes,
691 3068 792 3155 cujus
815 3066 943 3135 ibidem
970 3070 1127 3138 meminit
1151 3092 1287 3157 noster,

233 3194 284 3245 tot
311 3171 499 3242 celebrium
520 3170 797 3263 spectaculorum
822 3168 1054 3264 ludorumque
1072 3172 1288 3247 diverticulis

232 3272 387 3348 similiter
402 3274 573 3343 lenienda
591 3273 672 3341 Erat
687 3274 846 3393 quidem,
861 3271 994 3354 fateor,
1012 3275 1208 3347 Demetrius
1225 3280 1288 3351 ille

233 3379 464 3453 Phalereus'
433 3400 484 3447 vrr
497 3377 670 3470 optimus,
687 3394 722 3445 et
737 3378 774 3445 in
787 3378 935 3495 irnperio
949 3402 1093 3473 quoque
1106 3384 1291 3454 modestis-

233 3487 355 3565 simus3
383 3500 423 3552 ut
436 3506 464 3551 st
454 3481 625 3574 quidem
643 3492 756 3549 unum
772 3479 967 3575 principum
984 3473 1216 3555 Athenienses
1233 3506 1290 3557 to-

233 3586 542 3681 lerarepotuerint,
559 3608 640 3653 eum
655 3602 748 3653 certe
762 3607 833 3651 non
850 3584 994 3653 tolerare
1009 3573 1132 3666 modo,
1150 3612 1291 3661 verum·

233 3695 334 3764 etiam
346 3691 505 3768 laudare,
519 3688 714 3757 debuerint.
732 3686 799 3754 Sed
817 3690 1034 3756 democratiae
1047 3714 1114 3758 suae
1128 3692 1174 3760 ita
1188 3716 1291 3766 erant

221 3795 380 3875 addicti,
403 3810 443 3860 ut
459 3816 532 3859 non
548 3791 707 3887 singulos
723 3792 892 3861 duntaxat
916 3792 1075 3862 homines
1093 3796 1216 3865 odioso
1235 3816 1290 3895 ty-

130 3898 135 3909 '
232 3920 445 4005 pannorum
441 3896 584 3964 nornine
605 3894 799 3977 onerarint,
818 3896 1042 3969 verumetiam
1060 3904 1288 3989 quantumvis

1052 4190 1068 4225 N
