<?xml version="1.0" encoding="UTF-8"?>
<!DOCTYPE html PUBLIC "-//W3C//DTD XHTML 1.0 Transitional//EN"
    "http://www.w3.org/TR/xhtml1/DTD/xhtml1-transitional.dtd">
<html xmlns="http://www.w3.org/1999/xhtml" xml:lang="en" lang="en">
 <head>
  <title>
</title>
<meta http-equiv="Content-Type" content="text/html;charset=utf-8" />
  <meta name='ocr-system' content='tesseract 3.04.00' />
  <meta name='ocr-capabilities' content='ocr_page ocr_carea ocr_par ocr_line ocrx_word'/>
</head>
<body>
  <div class='ocr_page' id='page_1' title='image "./geographigraeci00arrigoog_0217.png"; bbox 0 0 2834 4659; ppageno 0'>
   <div class='ocr_carea' id='block_1_1' title="bbox 361 378 1151 446">
    <p class='ocr_par' dir='ltr' id='par_1_1' title="bbox 361 378 1151 446">
     <span class='ocr_line' id='line_1_1' title="bbox 361 378 1151 446; baseline 0 -1"><span class='ocrx_word' id='word_1_1' title='bbox 361 393 405 446; x_wconf 75' lang='lat' dir='ltr'>tre</span> <span class='ocrx_word' id='word_1_2' title='bbox 434 393 536 446; x_wconf 72' lang='lat' dir='ltr'>virle</span> <span class='ocrx_word' id='word_1_3' title='bbox 564 391 732 446; x_wconf 67' lang='lat' dir='ltr'>ortacia</span> <span class='ocrx_word' id='word_1_4' title='bbox 757 389 910 445; x_wconf 69' lang='lat' dir='ltr'>&#39;raucas</span> <span class='ocrx_word' id='word_1_5' title='bbox 1089 378 1151 445; x_wconf 80' lang='lat'>181</span> 
     </span>
    </p>
   </div>
   <div class='ocr_carea' id='block_1_2' title="bbox 41 489 1263 4045">
    <p class='ocr_par' dir='ltr' id='par_1_2' title="bbox 41 489 1159 1398">
     <span class='ocr_line' id='line_1_2' title="bbox 41 489 1158 574; baseline 0 -22"><span class='ocrx_word' id='word_1_6' title='bbox 41 509 43 520; x_wconf 65' lang='lat'><strong><em>⁴</em></strong></span> <span class='ocrx_word' id='word_1_7' title='bbox 129 490 249 566; x_wconf 84' lang='lat' dir='ltr'>Boeotis,</span> <span class='ocrx_word' id='word_1_8' title='bbox 271 491 386 574; x_wconf 89' lang='lat' dir='ltr'>olymp.</span> <span class='ocrx_word' id='word_1_9' title='bbox 402 489 498 556; x_wconf 87' lang='lat' dir='ltr'>scilic.</span> <span class='ocrx_word' id='word_1_10' title='bbox 518 505 638 563; x_wconf 87' lang='lat' dir='ltr'>cxv11,</span> <span class='ocrx_word' id='word_1_11' title='bbox 660 511 690 566; x_wconf 92' lang='lat' dir='ltr'>r,</span> <span class='ocrx_word' id='word_1_12' title='bbox 713 510 797 552; x_wconf 91' lang='lat' dir='ltr'>anno</span> <span class='ocrx_word' id='word_1_13' title='bbox 815 506 875 572; x_wconf 84' lang='lat'>305</span> <span class='ocrx_word' id='word_1_14' title='bbox 892 507 963 552; x_wconf 88' lang='lat' dir='ltr'>ante</span> <span class='ocrx_word' id='word_1_15' title='bbox 982 490 1056 553; x_wconf 86' lang='lat' dir='ltr'>Chr.</span> <span class='ocrx_word' id='word_1_16' title='bbox 1080 489 1158 558; x_wconf 85' lang='lat' dir='ltr'>llluc</span> 
     </span>
     <span class='ocr_line' id='line_1_3' title="bbox 131 572 1159 657; baseline 0 -21"><span class='ocrx_word' id='word_1_17' title='bbox 131 579 234 656; x_wconf 82' lang='lat' dir='ltr'>respicit</span> <span class='ocrx_word' id='word_1_18' title='bbox 252 575 428 639; x_wconf 84' lang='lat' dir='ltr'>Dicaearrhi</span> <span class='ocrx_word' id='word_1_19' title='bbox 449 575 553 648; x_wconf 88' lang='lat' dir='ltr'>locus,</span> <span class='ocrx_word' id='word_1_20' title='bbox 571 593 601 638; x_wconf 86' lang='lat' dir='ltr'>et</span> <span class='ocrx_word' id='word_1_21' title='bbox 616 573 690 636; x_wconf 89' lang='lat' dir='ltr'>inde</span> <span class='ocrx_word' id='word_1_22' title='bbox 703 572 789 637; x_wconf 92' lang='lat' dir='ltr'>aliud</span> <span class='ocrx_word' id='word_1_23' title='bbox 802 577 931 657; x_wconf 86' lang='lat' dir='ltr'>insuper</span> <span class='ocrx_word' id='word_1_24' title='bbox 945 593 1159 657; x_wconf 79' lang='lat' dir='ltr'><strong>argumentum</strong></span> 
     </span>
     <span class='ocr_line' id='line_1_4' title="bbox 130 657 1158 746; baseline 0.001 -28"><span class='ocrx_word' id='word_1_25' title='bbox 130 681 231 727; x_wconf 85' lang='lat' dir='ltr'>sumere</span> <span class='ocrx_word' id='word_1_26' title='bbox 240 665 384 746; x_wconf 87' lang='lat' dir='ltr'>potuisset</span> <span class='ocrx_word' id='word_1_27' title='bbox 396 659 579 724; x_wconf 79' lang='lat' dir='ltr'>Dodwellus</span> <span class='ocrx_word' id='word_1_28' title='bbox 591 663 601 738; x_wconf 87' lang='lat'><strong>(</strong></span> <span class='ocrx_word' id='word_1_29' title='bbox 611 660 741 722; x_wconf 88' lang='lat' dir='ltr'>Dissert.</span> <span class='ocrx_word' id='word_1_30' title='bbox 749 657 790 720; x_wconf 91' lang='lat' dir='ltr'>de</span> <span class='ocrx_word' id='word_1_31' title='bbox 800 658 977 722; x_wconf 84' lang='lat' dir='ltr'>Dicaearch.</span> <span class='ocrx_word' id='word_1_32' title='bbox 986 665 1029 733; x_wconf 75' lang='lat' dir='ltr'>ss.</span> <span class='ocrx_word' id='word_1_33' title='bbox 1043 679 1052 719; x_wconf 97' lang='lat' dir='ltr'>t</span> <span class='ocrx_word' id='word_1_34' title='bbox 1064 678 1095 722; x_wconf 88' lang='lat' dir='ltr'>et</span> <span class='ocrx_word' id='word_1_35' title='bbox 1107 661 1158 741; x_wconf 86' lang='lat'>2),</span> 
     </span>
     <span class='ocr_line' id='line_1_5' title="bbox 130 742 1158 826; baseline 0 -22"><span class='ocrx_word' id='word_1_36' title='bbox 130 746 173 825; x_wconf 87' lang='lat' dir='ltr'>qui</span> <span class='ocrx_word' id='word_1_37' title='bbox 189 766 245 808; x_wconf 88' lang='lat' dir='ltr'>non</span> <span class='ocrx_word' id='word_1_38' title='bbox 261 749 417 809; x_wconf 90' lang='lat' dir='ltr'>immerito</span> <span class='ocrx_word' id='word_1_39' title='bbox 434 743 596 808; x_wconf 79' lang='lat' dir='ltr'>contendit</span> <span class='ocrx_word' id='word_1_40' title='bbox 615 762 751 807; x_wconf 88' lang='lat' dir='ltr'>nostrum</span> <span class='ocrx_word' id='word_1_41' title='bbox 763 747 913 826; x_wconf 71' lang='lat' dir='ltr'>scripsisse</span> <span class='ocrx_word' id='word_1_42' title='bbox 924 744 1007 806; x_wconf 87' lang='lat' dir='ltr'>hunc</span> <span class='ocrx_word' id='word_1_43' title='bbox 1020 742 1158 806; x_wconf 90' lang='lat' dir='ltr'>libellum</span> 
     </span>
     <span class='ocr_line' id='line_1_6' title="bbox 131 827 1159 914; baseline -0.001 -24"><span class='ocrx_word' id='word_1_44' title='bbox 131 845 190 912; x_wconf 86' lang='lat' dir='ltr'>post</span> <span class='ocrx_word' id='word_1_45' title='bbox 202 829 309 914; x_wconf 83' lang='lat' dir='ltr'>olymp.</span> <span class='ocrx_word' id='word_1_46' title='bbox 326 845 430 904; x_wconf 88' lang='lat' dir='ltr'>cxvt‚</span> <span class='ocrx_word' id='word_1_47' title='bbox 451 850 483 904; x_wconf 92' lang='lat' dir='ltr'>r,</span> <span class='ocrx_word' id='word_1_48' title='bbox 502 827 554 894; x_wconf 89' lang='lat' dir='ltr'>sed</span> <span class='ocrx_word' id='word_1_49' title='bbox 572 847 643 890; x_wconf 89' lang='lat' dir='ltr'>ante</span> <span class='ocrx_word' id='word_1_50' title='bbox 660 828 775 910; x_wconf 81' lang='lat' dir='ltr'><strong>olymp.</strong></span> <span class='ocrx_word' id='word_1_51' title='bbox 793 843 927 904; x_wconf 84' lang='lat' dir='ltr'>cxxut,</span> <span class='ocrx_word' id='word_1_52' title='bbox 956 827 989 890; x_wconf 92' lang='lat' dir='ltr'>id</span> <span class='ocrx_word' id='word_1_53' title='bbox 1003 845 1069 901; x_wconf 93' lang='lat' dir='ltr'>est,</span> <span class='ocrx_word' id='word_1_54' title='bbox 1089 845 1159 910; x_wconf 91' lang='lat' dir='ltr'>post</span> 
     </span>
     <span class='ocr_line' id='line_1_7' title="bbox 130 911 1159 1000; baseline 0 -28"><span class='ocrx_word' id='word_1_55' title='bbox 130 931 190 974; x_wconf 86' lang='lat' dir='ltr'>anu.</span> <span class='ocrx_word' id='word_1_56' title='bbox 207 933 262 1000; x_wconf 83' lang='lat'>309</span> <span class='ocrx_word' id='word_1_57' title='bbox 280 933 352 976; x_wconf 86' lang='lat' dir='ltr'>ante</span> <span class='ocrx_word' id='word_1_58' title='bbox 370 913 500 987; x_wconf 73' lang='lat' dir='ltr'>Christ,</span> <span class='ocrx_word' id='word_1_59' title='bbox 522 912 574 975; x_wconf 91' lang='lat' dir='ltr'>sed</span> <span class='ocrx_word' id='word_1_60' title='bbox 592 931 663 976; x_wconf 91' lang='lat' dir='ltr'>ante</span> <span class='ocrx_word' id='word_1_61' title='bbox 689 935 804 974; x_wconf 89' lang='lat' dir='ltr'>annum</span> <span class='ocrx_word' id='word_1_62' title='bbox 825 911 899 975; x_wconf 84' lang='lat'>280.</span> <span class='ocrx_word' id='word_1_63' title='bbox 917 912 1039 975; x_wconf 82' lang='lat' dir='ltr'>Auctor</span> <span class='ocrx_word' id='word_1_64' title='bbox 1053 915 1159 987; x_wconf 87' lang='lat' dir='ltr'>enim,</span> 
     </span>
     <span class='ocr_line' id='line_1_8' title="bbox 130 995 1158 1082; baseline 0.001 -24"><span class='ocrx_word' id='word_1_65' title='bbox 130 1000 173 1076; x_wconf 86' lang='lat' dir='ltr'>qui</span> <span class='ocrx_word' id='word_1_66' title='bbox 187 997 319 1082; x_wconf 79' lang='lat' dir='ltr'>Oropum</span> <span class='ocrx_word' id='word_1_67' title='bbox 332 997 466 1071; x_wconf 80' lang='lat' dir='ltr'>boemis,</span> <span class='ocrx_word' id='word_1_68' title='bbox 483 995 515 1059; x_wconf 92' lang='lat' dir='ltr'>id</span> <span class='ocrx_word' id='word_1_69' title='bbox 533 1016 575 1060; x_wconf 87' lang='lat' dir='ltr'>est</span> <span class='ocrx_word' id='word_1_70' title='bbox 589 1019 707 1082; x_wconf 87' lang='lat' dir='ltr'>prorsus</span> <span class='ocrx_word' id='word_1_71' title='bbox 724 995 883 1059; x_wconf 79' lang='lat' dir='ltr'>Thebanis</span> <span class='ocrx_word' id='word_1_72' title='bbox 896 995 1060 1070; x_wconf 79' lang='lat' dir='ltr'>adscribit,</span> <span class='ocrx_word' id='word_1_73' title='bbox 1071 996 1158 1080; x_wconf 91' lang='lat' dir='ltr'>quod</span> 
     </span>
     <span class='ocr_line' id='line_1_9' title="bbox 129 1077 1159 1165; baseline 0.002 -25"><span class='ocrx_word' id='word_1_74' title='bbox 129 1077 225 1142; x_wconf 87' lang='lat' dir='ltr'>factum</span> <span class='ocrx_word' id='word_1_75' title='bbox 241 1105 322 1146; x_wconf 90' lang='lat' dir='ltr'>anno</span> <span class='ocrx_word' id='word_1_76' title='bbox 336 1081 498 1165; x_wconf 85' lang='lat' dir='ltr'>respondet</span> <span class='ocrx_word' id='word_1_77' title='bbox 513 1100 589 1164; x_wconf 82' lang='lat'>305,</span> <span class='ocrx_word' id='word_1_78' title='bbox 613 1086 645 1144; x_wconf 91' lang='lat' dir='ltr'>in</span> <span class='ocrx_word' id='word_1_79' title='bbox 666 1097 786 1144; x_wconf 81' lang='lat' dir='ltr'>aetatem</span> <span class='ocrx_word' id='word_1_80' title='bbox 803 1081 914 1144; x_wconf 84' lang='lat' dir='ltr'>incidit</span> <span class='ocrx_word' id='word_1_81' title='bbox 930 1101 1025 1164; x_wconf 85' lang='lat' dir='ltr'>quant</span> <span class='ocrx_word' id='word_1_82' title='bbox 1042 1085 1159 1144; x_wconf 85' lang='lat' dir='ltr'>consti-</span> 
     </span>
     <span class='ocr_line' id='line_1_10' title="bbox 128 1164 1158 1250; baseline 0.001 -25"><span class='ocrx_word' id='word_1_83' title='bbox 128 1165 373 1230; x_wconf 84' lang='lat' dir='ltr'>tuitDodwellus.</span> <span class='ocrx_word' id='word_1_84' title='bbox 388 1165 469 1230; x_wconf 92' lang='lat' dir='ltr'>lllud</span> <span class='ocrx_word' id='word_1_85' title='bbox 483 1186 583 1250; x_wconf 86' lang='lat' dir='ltr'>posset</span> <span class='ocrx_word' id='word_1_86' title='bbox 596 1170 744 1249; x_wconf 82' lang='lat' dir='ltr'>respicere</span> <span class='ocrx_word' id='word_1_87' title='bbox 754 1168 847 1227; x_wconf 87' lang='lat' dir='ltr'>etiam</span> <span class='ocrx_word' id='word_1_88' title='bbox 863 1164 904 1226; x_wconf 92' lang='lat' dir='ltr'>ad</span> <span class='ocrx_word' id='word_1_89' title='bbox 910 1165 1007 1228; x_wconf 73' lang='lat' dir='ltr'>&#39;aliam</span> <span class='ocrx_word' id='word_1_90' title='bbox 1019 1183 1140 1228; x_wconf 80' lang='lat' dir='ltr'>aetatem</span> <span class='ocrx_word' id='word_1_91' title='bbox 1148 1189 1158 1240; x_wconf 85' lang='lat'>;</span> 
     </span>
     <span class='ocr_line' id='line_1_11' title="bbox 128 1245 1159 1334; baseline 0.002 -24"><span class='ocrx_word' id='word_1_92' title='bbox 128 1245 158 1310; x_wconf 75' lang='lat' dir='ltr'>ci</span> <span class='ocrx_word' id='word_1_93' title='bbox 173 1250 252 1315; x_wconf 86' lang='lat' dir='ltr'>Paos.</span> <span class='ocrx_word' id='word_1_94' title='bbox 268 1270 295 1326; x_wconf 91' lang='lat'>1,</span> <span class='ocrx_word' id='word_1_95' title='bbox 320 1259 379 1334; x_wconf 76' lang='lat'>34,</span> <span class='ocrx_word' id='word_1_96' title='bbox 396 1256 461 1315; x_wconf 91' lang='lat' dir='ltr'>init.</span> <span class='ocrx_word' id='word_1_97' title='bbox 480 1277 488 1312; x_wconf 78' lang='lat' dir='ltr'>r</span> <span class='ocrx_word' id='word_1_98' title='bbox 504 1249 556 1312; x_wconf 85' lang='lat' dir='ltr'>sed</span> <span class='ocrx_word' id='word_1_99' title='bbox 572 1255 635 1314; x_wconf 90' lang='lat' dir='ltr'>vim</span> <span class='ocrx_word' id='word_1_100' title='bbox 649 1249 899 1332; x_wconf 78' lang='lat' dir='ltr'>chronologicam</span> <span class='ocrx_word' id='word_1_101' title='bbox 918 1251 980 1313; x_wconf 89' lang='lat' dir='ltr'>loci</span> <span class='ocrx_word' id='word_1_102' title='bbox 991 1248 1052 1312; x_wconf 87' lang='lat' dir='ltr'>alia</span> <span class='ocrx_word' id='word_1_103' title='bbox 1070 1271 1159 1334; x_wconf 87' lang='lat' dir='ltr'>argu-</span> 
     </span>
     <span class='ocr_line' id='line_1_12' title="bbox 127 1353 905 1398; baseline 0.005 -4"><span class='ocrx_word' id='word_1_104' title='bbox 127 1353 214 1398; x_wconf 87' lang='lat' dir='ltr'>menta</span> <span class='ocrx_word' id='word_1_105' title='bbox 231 1353 375 1398; x_wconf 89' lang='lat' dir='ltr'>statuunt.</span> <span class='ocrx_word' id='word_1_106' title='bbox 902 1392 905 1398; x_wconf 91' lang='grc'><em>,</em></span> 
     </span>
    </p>

    <p class='ocr_par' dir='ltr' id='par_1_3' title="bbox 124 1415 1159 1590">
     <span class='ocr_line' id='line_1_13' title="bbox 161 1415 1159 1504; baseline 0.001 -24"><span class='ocrx_word' id='word_1_107' title='bbox 161 1417 205 1481; x_wconf 87' lang='lat'>62.</span> <span class='ocrx_word' id='word_1_108' title='bbox 226 1418 393 1484; x_wconf 63' lang='lat' dir='ltr'>thcoasit</span> <span class='ocrx_word' id='word_1_109' title='bbox 409 1420 426 1504; x_wconf 68' lang='lat'>1</span> <span class='ocrx_word' id='word_1_110' title='bbox 439 1417 606 1484; x_wconf 60' lang='lat' dir='ltr'>blemensis</span> <span class='ocrx_word' id='word_1_111' title='bbox 626 1419 809 1484; x_wconf 86' lang='lat' dir='ltr'>mutandum</span> <span class='ocrx_word' id='word_1_112' title='bbox 829 1437 874 1482; x_wconf 90' lang='lat' dir='ltr'>est</span> <span class='ocrx_word' id='word_1_113' title='bbox 895 1424 926 1482; x_wconf 86' lang='lat' dir='ltr'>in</span> <span class='ocrx_word' id='word_1_114' title='bbox 938 1415 1121 1501; x_wconf 65' lang='lat' dir='ltr'>proncitur,</span> <span class='ocrx_word' id='word_1_115' title='bbox 1141 1442 1159 1481; x_wconf 94' lang='lat' dir='ltr'>a</span> 
     </span>
     <span class='ocr_line' id='line_1_14' title="bbox 124 1497 996 1590; baseline -0.002 -24"><span class='ocrx_word' id='word_1_116' title='bbox 124 1498 279 1580; x_wconf 56' lang='lat' dir='ltr'>umbone:</span> <span class='ocrx_word' id='word_1_117' title='bbox 295 1505 345 1568; x_wconf 85' lang='lat' dir='ltr'>trel</span> <span class='ocrx_word' id='word_1_118' title='bbox 360 1509 392 1566; x_wconf 80' lang='lat' dir='ltr'>in</span> <span class='ocrx_word' id='word_1_119' title='bbox 407 1503 599 1582; x_wconf 62' lang='lat' dir='ltr'>fraudandos,</span> <span class='ocrx_word' id='word_1_120' title='bbox 622 1504 640 1568; x_wconf 78' lang='grc' dir='ltr'>ὲ</span> <span class='ocrx_word' id='word_1_121' title='bbox 652 1497 838 1583; x_wconf 61' lang='lat' dir='ltr'>mandauerit.</span> <span class='ocrx_word' id='word_1_122' title='bbox 853 1503 996 1590; x_wconf 79' lang='lat' dir='ltr'>Stephon.</span> 
     </span>
    </p>

    <p class='ocr_par' dir='ltr' id='par_1_4' title="bbox 122 1587 1159 1990">
     <span class='ocr_line' id='line_1_15' title="bbox 161 1587 1159 1674; baseline 0.002 -26"><span class='ocrx_word' id='word_1_123' title='bbox 161 1587 258 1652; x_wconf 84' lang='lat' dir='ltr'>Placet</span> <span class='ocrx_word' id='word_1_124' title='bbox 283 1595 377 1654; x_wconf 87' lang='lat' dir='ltr'>etiam</span> <span class='ocrx_word' id='word_1_125' title='bbox 405 1589 599 1652; x_wconf 89' lang='lat' dir='ltr'>vehementer</span> <span class='ocrx_word' id='word_1_126' title='bbox 619 1589 704 1674; x_wconf 89' lang='lat' dir='ltr'>quod</span> <span class='ocrx_word' id='word_1_127' title='bbox 730 1588 812 1652; x_wconf 90' lang='lat' dir='ltr'>idem</span> <span class='ocrx_word' id='word_1_128' title='bbox 838 1589 883 1650; x_wconf 88' lang='grc' dir='ltr'>Η.</span> <span class='ocrx_word' id='word_1_129' title='bbox 910 1588 1083 1672; x_wconf 86' lang='lat' dir='ltr'>Stephanus</span> <span class='ocrx_word' id='word_1_130' title='bbox 1102 1609 1159 1671; x_wconf 92' lang='lat' dir='ltr'>pro</span> 
     </span>
     <span class='ocr_line' id='line_1_16' title="bbox 122 1667 1159 1756; baseline -0.001 -22"><span class='ocrx_word' id='word_1_131' title='bbox 122 1672 292 1749; x_wconf 70' lang='grc' dir='ltr'>μεπιζολῢν,</span> <span class='ocrx_word' id='word_1_132' title='bbox 310 1667 508 1756; x_wconf 55' lang='lat' dir='ltr'>gruirnius,</span> <span class='ocrx_word' id='word_1_133' title='bbox 530 1671 579 1736; x_wconf 91' lang='lat' dir='ltr'>vel</span> <span class='ocrx_word' id='word_1_134' title='bbox 601 1673 763 1756; x_wconf 63' lang='lat' dir='ltr'>mutim</span> <span class='ocrx_word' id='word_1_135' title='bbox 787 1672 922 1755; x_wconf 82' lang='lat' dir='ltr'>(adjicit</span> <span class='ocrx_word' id='word_1_136' title='bbox 939 1672 990 1737; x_wconf 88' lang='lat' dir='ltr'>hic</span> <span class='ocrx_word' id='word_1_137' title='bbox 1014 1673 1159 1740; x_wconf 86' lang='lat' dir='ltr'>Hudson.</span> 
     </span>
     <span class='ocr_line' id='line_1_17' title="bbox 127 1755 1158 1842; baseline 0.004 -26"><span class='ocrx_word' id='word_1_138' title='bbox 127 1755 165 1817; x_wconf 87' lang='lat' dir='ltr'>vel</span> <span class='ocrx_word' id='word_1_139' title='bbox 177 1756 335 1836; x_wconf 67' lang='lat' dir='ltr'>perdunt,</span> <span class='ocrx_word' id='word_1_140' title='bbox 358 1780 450 1842; x_wconf 91' lang='lat' dir='ltr'>quam</span> <span class='ocrx_word' id='word_1_141' title='bbox 467 1761 645 1838; x_wconf 75' lang='lat' dir='ltr'>conjectio</span> <span class='ocrx_word' id='word_1_142' title='bbox 667 1762 751 1822; x_wconf 87' lang='lat' dir='ltr'>citat.</span> <span class='ocrx_word' id='word_1_143' title='bbox 768 1757 849 1820; x_wconf 89' lang='lat' dir='ltr'>libro</span> <span class='ocrx_word' id='word_1_144' title='bbox 865 1781 927 1820; x_wconf 90' lang='lat' dir='ltr'>non</span> <span class='ocrx_word' id='word_1_145' title='bbox 948 1762 1054 1842; x_wconf 85' lang='lat' dir='ltr'>reperi.</span> <span class='ocrx_word' id='word_1_146' title='bbox 1077 1757 1118 1820; x_wconf 88' lang='lat' dir='ltr'>G.</span> <span class='ocrx_word' id='word_1_147' title='bbox 1130 1769 1158 1838; x_wconf 68' lang='lat' dir='ltr'>l,</span> 
     </span>
     <span class='ocr_line' id='line_1_18' title="bbox 125 1841 1159 1928; baseline 0.003 -27"><span class='ocrx_word' id='word_1_148' title='bbox 125 1841 235 1922; x_wconf 88' lang='lat' dir='ltr'>putabat</span> <span class='ocrx_word' id='word_1_149' title='bbox 249 1842 471 1928; x_wconf 87' lang='lat' dir='ltr'>reponendum.</span> <span class='ocrx_word' id='word_1_150' title='bbox 491 1842 552 1904; x_wconf 89' lang='lat' dir='ltr'>Sed</span> <span class='ocrx_word' id='word_1_151' title='bbox 571 1858 601 1906; x_wconf 92' lang='lat' dir='ltr'>et</span> <span class='ocrx_word' id='word_1_152' title='bbox 617 1861 775 1928; x_wconf 83' lang='lat' dir='ltr'>sequentes</span> <span class='ocrx_word' id='word_1_153' title='bbox 791 1845 975 1905; x_wconf 87' lang='lat' dir='ltr'>nominativi</span> <span class='ocrx_word' id='word_1_154' title='bbox 992 1846 1023 1904; x_wconf 91' lang='lat' dir='ltr'>in</span> <span class='ocrx_word' id='word_1_155' title='bbox 1038 1841 1159 1906; x_wconf 81' lang='lat' dir='ltr'>datiros</span> 
     </span>
     <span class='ocr_line' id='line_1_19' title="bbox 125 1927 606 1990; baseline 0.008 -6"><span class='ocrx_word' id='word_1_156' title='bbox 125 1927 248 1989; x_wconf 88' lang='lat' dir='ltr'>mutandi</span> <span class='ocrx_word' id='word_1_157' title='bbox 261 1927 415 1990; x_wconf 82' lang='lat' dir='ltr'>videntur.</span> <span class='ocrx_word' id='word_1_158' title='bbox 437 1927 606 1990; x_wconf 82' lang='lat' dir='ltr'>Corauborr.</span> 
     </span>
    </p>

    <p class='ocr_par' dir='ltr' id='par_1_5' title="bbox 124 2006 1159 2180">
     <span class='ocr_line' id='line_1_20' title="bbox 160 2006 1157 2098; baseline 0.002 -26"><span class='ocrx_word' id='word_1_159' title='bbox 160 2008 232 2092; x_wconf 84' lang='lat' dir='ltr'>Lege</span> <span class='ocrx_word' id='word_1_160' title='bbox 246 2012 418 2098; x_wconf 85' lang='lat' dir='ltr'>elegantem</span> <span class='ocrx_word' id='word_1_161' title='bbox 431 2011 589 2076; x_wconf 85' lang='lat' dir='ltr'>Plutarchi</span> <span class='ocrx_word' id='word_1_162' title='bbox 601 2010 713 2072; x_wconf 91' lang='lat' dir='ltr'>librum</span> <span class='ocrx_word' id='word_1_163' title='bbox 725 2008 790 2082; x_wconf 70' lang='lat' dir='ltr'>mal</span> <span class='ocrx_word' id='word_1_164' title='bbox 800 2008 828 2073; x_wconf 65' lang='grc' dir='ltr'>ὢ</span> <span class='ocrx_word' id='word_1_165' title='bbox 843 2006 889 2083; x_wconf 73' lang='lat' dir='ltr'>ml</span> <span class='ocrx_word' id='word_1_166' title='bbox 901 2008 959 2074; x_wconf 67' lang='lat' dir='ltr'>ellit</span> <span class='ocrx_word' id='word_1_167' title='bbox 971 2011 1157 2092; x_wconf 56' lang='lat' dir='ltr'>melissam.</span> 
     </span>
     <span class='ocr_line' id='line_1_21' title="bbox 124 2088 1159 2180; baseline 0 -22"><span class='ocrx_word' id='word_1_168' title='bbox 124 2088 244 2176; x_wconf 57' lang='grc' dir='ltr'>Ἑρμαίου</span> <span class='ocrx_word' id='word_1_169' title='bbox 255 2091 416 2160; x_wconf 60' lang='lat' dir='ltr'>aaronem</span> <span class='ocrx_word' id='word_1_170' title='bbox 426 2096 548 2160; x_wconf 80' lang='lat' dir='ltr'>vocat&#39;l</span> <span class='ocrx_word' id='word_1_171' title='bbox 557 2095 752 2180; x_wconf 89' lang='lat' dir='ltr'>heophrastus</span> <span class='ocrx_word' id='word_1_172' title='bbox 764 2100 795 2158; x_wconf 90' lang='lat' dir='ltr'>in</span> <span class='ocrx_word' id='word_1_173' title='bbox 806 2095 947 2164; x_wconf 81' lang='lat' dir='ltr'>Charact.</span> <span class='ocrx_word' id='word_1_174' title='bbox 957 2095 1159 2179; x_wconf 54' lang='lat' dir='ltr'>cautious.</span> 
     </span>
    </p>

    <p class='ocr_par' dir='ltr' id='par_1_6' title="bbox 122 2176 1162 2343">
     <span class='ocr_line' id='line_1_22' title="bbox 157 2176 1162 2266; baseline -0.001 -25"><span class='ocrx_word' id='word_1_175' title='bbox 157 2178 235 2249; x_wconf 82' lang='lat' dir='ltr'>Stet</span> <span class='ocrx_word' id='word_1_176' title='bbox 246 2181 432 2266; x_wconf 72' lang='lat' dir='ltr'>Caspiacet</span> <span class='ocrx_word' id='word_1_177' title='bbox 442 2176 612 2262; x_wconf 66' lang='lat' dir='ltr'>pervaditur,</span> <span class='ocrx_word' id='word_1_178' title='bbox 621 2179 1016 2262; x_wconf 68' lang='lat' dir='ltr'>velpemd&#39;mt&#39;or.Cogitavi</span> <span class='ocrx_word' id='word_1_179' title='bbox 1024 2179 1162 2264; x_wconf 88' lang='lat' dir='ltr'>aliquan·</span> 
     </span>
     <span class='ocr_line' id='line_1_23' title="bbox 122 2258 1127 2343; baseline 0.005 -21"><span class='ocrx_word' id='word_1_180' title='bbox 122 2258 156 2323; x_wconf 92' lang='lat' dir='ltr'>do</span> <span class='ocrx_word' id='word_1_181' title='bbox 165 2261 200 2327; x_wconf 92' lang='lat' dir='ltr'>de</span> <span class='ocrx_word' id='word_1_182' title='bbox 204 2262 396 2342; x_wconf 66' lang='lat' dir='ltr'>perdurum</span> <span class='ocrx_word' id='word_1_183' title='bbox 405 2265 539 2341; x_wconf 84' lang='lat' dir='ltr'>Euboea,</span> <span class='ocrx_word' id='word_1_184' title='bbox 552 2282 584 2328; x_wconf 85' lang='lat' dir='ltr'>et</span> <span class='ocrx_word' id='word_1_185' title='bbox 596 2281 702 2330; x_wconf 86' lang='lat' dir='ltr'>contra</span> <span class='ocrx_word' id='word_1_186' title='bbox 712 2272 847 2343; x_wconf 87' lang='lat' dir='ltr'>jacente,</span> <span class='ocrx_word' id='word_1_187' title='bbox 861 2261 1006 2327; x_wconf 89' lang='lat' dir='ltr'>advectis.</span> <span class='ocrx_word' id='word_1_188' title='bbox 1015 2266 1127 2328; x_wconf 69' lang='lat' dir='ltr'>Marso</span> 
     </span>
    </p>

    <p class='ocr_par' dir='ltr' id='par_1_7' title="bbox 87 2343 1231 3112">
     <span class='ocr_line' id='line_1_24' title="bbox 156 2343 1162 2452; baseline 0.001 -42"><span class='ocrx_word' id='word_1_189' title='bbox 156 2347 218 2452; x_wconf 80' lang='lat' dir='ltr'>Ego</span> <span class='ocrx_word' id='word_1_190' title='bbox 234 2354 373 2436; x_wconf 89' lang='lat' dir='ltr'>suspicor</span> <span class='ocrx_word' id='word_1_191' title='bbox 394 2349 429 2415; x_wconf 76' lang='lat' dir='ltr'>td</span> <span class='ocrx_word' id='word_1_192' title='bbox 447 2345 606 2419; x_wconf 66' lang='lat' dir='ltr'>mutonis</span> <span class='ocrx_word' id='word_1_193' title='bbox 619 2353 630 2432; x_wconf 88' lang='grc'><strong>(</strong></span> <span class='ocrx_word' id='word_1_194' title='bbox 641 2349 711 2412; x_wconf 88' lang='lat' dir='ltr'>fors.</span> <span class='ocrx_word' id='word_1_195' title='bbox 724 2343 889 2429; x_wconf 72' lang='lat' dir='ltr'>marium)</span> <span class='ocrx_word' id='word_1_196' title='bbox 909 2343 1020 2431; x_wconf 64' lang='lat' dir='ltr'>e&#39;ppaor&#39;a</span> <span class='ocrx_word' id='word_1_197' title='bbox 1043 2345 1162 2412; x_wconf 66' lang='lat' dir='ltr'>namsia</span> 
     </span>
     <span class='ocr_line' id='line_1_25' title="bbox 121 2426 1161 2519; baseline -0.002 -21"><span class='ocrx_word' id='word_1_198' title='bbox 121 2426 300 2514; x_wconf 56' lang='lat' dir='ltr'>&amp;torpetem</span> <span class='ocrx_word' id='word_1_199' title='bbox 315 2427 453 2518; x_wconf 64' lang='lat' dir='ltr'>assurgis</span> <span class='ocrx_word' id='word_1_200' title='bbox 463 2433 758 2519; x_wconf 79' lang='lat' dir='ltr'>,interpolationem</span> <span class='ocrx_word' id='word_1_201' title='bbox 770 2455 854 2509; x_wconf 87' lang='lat' dir='ltr'>esse,</span> <span class='ocrx_word' id='word_1_202' title='bbox 871 2453 938 2494; x_wconf 91' lang='lat' dir='ltr'>tum</span> <span class='ocrx_word' id='word_1_203' title='bbox 952 2432 1037 2518; x_wconf 87' lang='lat' dir='ltr'>quod</span> <span class='ocrx_word' id='word_1_204' title='bbox 1056 2437 1161 2496; x_wconf 86' lang='lat' dir='ltr'>nomi·</span> 
     </span>
     <span class='ocr_line' id='line_1_26' title="bbox 124 2517 1161 2604; baseline 0.004 -28"><span class='ocrx_word' id='word_1_205' title='bbox 124 2521 230 2582; x_wconf 87' lang='lat' dir='ltr'>nativus</span> <span class='ocrx_word' id='word_1_206' title='bbox 252 2543 339 2583; x_wconf 87' lang='lat' dir='ltr'>casus</span> <span class='ocrx_word' id='word_1_207' title='bbox 364 2521 444 2583; x_wconf 90' lang='lat' dir='ltr'>male</span> <span class='ocrx_word' id='word_1_208' title='bbox 468 2524 498 2581; x_wconf 93' lang='lat' dir='ltr'>in</span> <span class='ocrx_word' id='word_1_209' title='bbox 521 2521 641 2604; x_wconf 83' lang='lat' dir='ltr'>phrasin</span> <span class='ocrx_word' id='word_1_210' title='bbox 665 2519 799 2584; x_wconf 90' lang='lat' dir='ltr'>mediam</span> <span class='ocrx_word' id='word_1_211' title='bbox 820 2517 961 2594; x_wconf 87' lang='lat' dir='ltr'>desiliat,</span> <span class='ocrx_word' id='word_1_212' title='bbox 989 2536 1053 2580; x_wconf 86' lang='lat' dir='ltr'>tum</span> <span class='ocrx_word' id='word_1_213' title='bbox 1074 2517 1161 2602; x_wconf 89' lang='lat' dir='ltr'>quod</span> 
     </span>
     <span class='ocr_line' id='line_1_27' title="bbox 121 2600 1162 2693; baseline 0 -28"><span class='ocrx_word' id='word_1_214' title='bbox 121 2601 317 2693; x_wconf 55' lang='grc' dir='ltr'>συντεθραμμένη</span> <span class='ocrx_word' id='word_1_215' title='bbox 341 2609 392 2669; x_wconf 85' lang='lat' dir='ltr'>virt</span> <span class='ocrx_word' id='word_1_216' title='bbox 410 2600 543 2689; x_wconf 68' lang='lat' dir='ltr'>pendere</span> <span class='ocrx_word' id='word_1_217' title='bbox 562 2608 655 2690; x_wconf 86' lang='lat' dir='ltr'>possit</span> <span class='ocrx_word' id='word_1_218' title='bbox 673 2602 852 2687; x_wconf 57' lang='lat' dir='ltr'>amramitis.</span> <span class='ocrx_word' id='word_1_219' title='bbox 873 2601 942 2664; x_wconf 89' lang='lat' dir='ltr'>lmo</span> <span class='ocrx_word' id='word_1_220' title='bbox 962 2625 1041 2665; x_wconf 87' lang='lat' dir='ltr'>vana</span> <span class='ocrx_word' id='word_1_221' title='bbox 1060 2601 1162 2666; x_wconf 86' lang='lat' dir='ltr'>forent</span> 
     </span>
     <span class='ocr_line' id='line_1_28' title="bbox 120 2684 1162 2776; baseline -0.007 -21"><span class='ocrx_word' id='word_1_222' title='bbox 120 2706 192 2772; x_wconf 69' lang='lat' dir='ltr'>teqq.</span> <span class='ocrx_word' id='word_1_223' title='bbox 209 2689 347 2754; x_wconf 74' lang='grc' dir='ltr'>πλωνοῧσι</span> <span class='ocrx_word' id='word_1_224' title='bbox 360 2689 458 2774; x_wconf 65' lang='lat' dir='ltr'>peip...</span> <span class='ocrx_word' id='word_1_225' title='bbox 483 2708 553 2774; x_wconf 91' lang='lat' dir='ltr'>post</span> <span class='ocrx_word' id='word_1_226' title='bbox 569 2711 688 2776; x_wconf 75' lang='lat' dir='ltr'>eaquae</span> <span class='ocrx_word' id='word_1_227' title='bbox 707 2689 891 2772; x_wconf 87' lang='lat' dir='ltr'>interpolata</span> <span class='ocrx_word' id='word_1_228' title='bbox 909 2684 1025 2768; x_wconf 88' lang='lat' dir='ltr'>judico.</span> <span class='ocrx_word' id='word_1_229' title='bbox 1044 2688 1162 2752; x_wconf 89' lang='lat' dir='ltr'>Verum</span> 
     </span>
     <span class='ocr_line' id='line_1_29' title="bbox 120 2769 1231 2857; baseline 0.003 -27"><span class='ocrx_word' id='word_1_230' title='bbox 120 2769 191 2836; x_wconf 89' lang='lat' dir='ltr'>illam</span> <span class='ocrx_word' id='word_1_231' title='bbox 203 2771 349 2850; x_wconf 66' lang='lat' dir='ltr'>mendas,</span> <span class='ocrx_word' id='word_1_232' title='bbox 372 2773 446 2857; x_wconf 87' lang='lat' dir='ltr'>quid</span> <span class='ocrx_word' id='word_1_233' title='bbox 460 2779 514 2849; x_wconf 90' lang='lat' dir='ltr'>sit,</span> <span class='ocrx_word' id='word_1_234' title='bbox 532 2775 662 2857; x_wconf 87' lang='lat' dir='ltr'>explicat</span> <span class='ocrx_word' id='word_1_235' title='bbox 679 2791 779 2844; x_wconf 80' lang='lat' dir='ltr'>noster</span> <span class='ocrx_word' id='word_1_236' title='bbox 793 2769 985 2850; x_wconf 79' lang='lat' dir='ltr'>subjiciendo</span> <span class='ocrx_word' id='word_1_237' title='bbox 999 2795 1061 2838; x_wconf 91' lang='lat' dir='ltr'>rem</span> <span class='ocrx_word' id='word_1_238' title='bbox 1078 2773 1163 2836; x_wconf 89' lang='lat' dir='ltr'>haud</span> <span class='ocrx_word' id='word_1_239' title='bbox 1223 2798 1231 2816; x_wconf 70' lang='lat'><strong><em>¹</em></strong></span> 
     </span>
     <span class='ocr_line' id='line_1_30' title="bbox 121 2856 1162 2942; baseline 0.006 -26"><span class='ocrx_word' id='word_1_240' title='bbox 121 2859 453 2942; x_wconf 86' lang='lat' dir='ltr'>nuntiatamhucusque</span> <span class='ocrx_word' id='word_1_241' title='bbox 467 2883 474 2920; x_wconf 91' lang='lat'>:</span> <span class='ocrx_word' id='word_1_242' title='bbox 486 2861 623 2922; x_wconf 73' lang='lat' dir='ltr'>manerias</span> <span class='ocrx_word' id='word_1_243' title='bbox 635 2856 700 2941; x_wconf 68' lang='lat' dir='ltr'>pa&#39;p.</span> <span class='ocrx_word' id='word_1_244' title='bbox 715 2905 744 2922; x_wconf 90' lang='lat'>..</span> <span class='ocrx_word' id='word_1_245' title='bbox 765 2856 925 2941; x_wconf 87' lang='lat' dir='ltr'>Supplevit</span> <span class='ocrx_word' id='word_1_246' title='bbox 939 2874 1047 2930; x_wconf 80' lang='lat' dir='ltr'>contra</span> <span class='ocrx_word' id='word_1_247' title='bbox 1058 2861 1162 2922; x_wconf 90' lang='lat' dir='ltr'>nescio</span> 
     </span>
     <span class='ocr_line' id='line_1_31' title="bbox 120 2937 1163 3026; baseline 0.004 -26"><span class='ocrx_word' id='word_1_248' title='bbox 120 2942 176 3022; x_wconf 88' lang='lat' dir='ltr'>quis</span> <span class='ocrx_word' id='word_1_249' title='bbox 192 2947 223 3004; x_wconf 93' lang='lat' dir='ltr'>in</span> <span class='ocrx_word' id='word_1_250' title='bbox 241 2947 378 3026; x_wconf 87' lang='lat' dir='ltr'>margine</span> <span class='ocrx_word' id='word_1_251' title='bbox 397 2965 459 3006; x_wconf 85' lang='lat' dir='ltr'>esse</span> <span class='ocrx_word' id='word_1_252' title='bbox 477 2942 557 3006; x_wconf 87' lang='lat' dir='ltr'>hanc</span> <span class='ocrx_word' id='word_1_253' title='bbox 573 2937 715 3021; x_wconf 61' lang='lat' dir='ltr'>medum</span> <span class='ocrx_word' id='word_1_254' title='bbox 734 2940 856 3026; x_wconf 67' lang='lat' dir='ltr'>t&#39;pparlm</span> <span class='ocrx_word' id='word_1_255' title='bbox 872 2963 996 3004; x_wconf 83' lang='lat' dir='ltr'>causatu</span> <span class='ocrx_word' id='word_1_256' title='bbox 1007 2947 1163 3020; x_wconf 67' lang='lat' dir='ltr'>avaritiae,</span> 
     </span>
     <span class='ocr_line' id='line_1_32' title="bbox 87 3021 711 3112; baseline 0.006 -26"><span class='ocrx_word' id='word_1_257' title='bbox 87 3055 91 3076; x_wconf 64' lang='grc' dir='ltr'>ι</span> <span class='ocrx_word' id='word_1_258' title='bbox 120 3043 146 3086; x_wconf 90' lang='lat' dir='ltr'>et</span> <span class='ocrx_word' id='word_1_259' title='bbox 156 3026 226 3091; x_wconf 89' lang='lat' dir='ltr'>inde</span> <span class='ocrx_word' id='word_1_260' title='bbox 237 3048 336 3091; x_wconf 86' lang='lat' dir='ltr'>ortam</span> <span class='ocrx_word' id='word_1_261' title='bbox 349 3021 711 3112; x_wconf 45' lang='lat' dir='ltr'>manifestissimarum.</span> 
     </span>
    </p>

    <p class='ocr_par' dir='ltr' id='par_1_8' title="bbox 120 3105 1164 3366">
     <span class='ocr_line' id='line_1_33' title="bbox 155 3105 1164 3213; baseline 0.001 -41"><span class='ocrx_word' id='word_1_262' title='bbox 155 3112 201 3191; x_wconf 88' lang='lat'>63.</span> <span class='ocrx_word' id='word_1_263' title='bbox 215 3105 386 3196; x_wconf 68' lang='grc' dir='ltr'>Πλεοιεξία]</span> <span class='ocrx_word' id='word_1_264' title='bbox 400 3113 592 3213; x_wconf 84' lang='lat' dir='ltr'>Antiphanes</span> <span class='ocrx_word' id='word_1_265' title='bbox 605 3111 688 3197; x_wconf 89' lang='lat' dir='ltr'>apud</span> <span class='ocrx_word' id='word_1_266' title='bbox 702 3113 907 3189; x_wconf 80' lang='lat' dir='ltr'>Athenaeum,</span> <span class='ocrx_word' id='word_1_267' title='bbox 923 3130 988 3187; x_wconf 88' lang='lat'>111,</span> <span class='ocrx_word' id='word_1_268' title='bbox 1002 3133 1070 3195; x_wconf 87' lang='lat' dir='ltr'>pag.</span> <span class='ocrx_word' id='word_1_269' title='bbox 1088 3110 1164 3176; x_wconf 70' lang='lat'>1082</span> 
     </span>
     <span class='ocr_line' id='line_1_34' title="bbox 120 3183 1164 3280; baseline 0.004 -26"><span class='ocrx_word' id='word_1_270' title='bbox 120 3183 243 3280; x_wconf 66' lang='lat' dir='ltr'>hepone</span> <span class='ocrx_word' id='word_1_271' title='bbox 259 3195 453 3277; x_wconf 61' lang='lat' dir='ltr'>bonipdatloc</span> <span class='ocrx_word' id='word_1_272' title='bbox 463 3221 502 3267; x_wconf 73' lang='lat' dir='ltr'>rte</span> <span class='ocrx_word' id='word_1_273' title='bbox 519 3198 652 3268; x_wconf 64' lang='lat' dir='ltr'>menelae.</span> <span class='ocrx_word' id='word_1_274' title='bbox 670 3194 805 3278; x_wconf 71' lang='lat' dir='ltr'>Hmpps&#39;a</span> <span class='ocrx_word' id='word_1_275' title='bbox 820 3196 879 3260; x_wconf 91' lang='lat' dir='ltr'>hoc</span> <span class='ocrx_word' id='word_1_276' title='bbox 900 3201 1011 3259; x_wconf 89' lang='lat' dir='ltr'>vitium</span> <span class='ocrx_word' id='word_1_277' title='bbox 1026 3217 1164 3260; x_wconf 91' lang='lat' dir='ltr'>vocatur.</span> 
     </span>
     <span class='ocr_line' id='line_1_35' title="bbox 121 3277 1086 3366; baseline 0.003 -26"><span class='ocrx_word' id='word_1_278' title='bbox 121 3277 194 3344; x_wconf 90' lang='lat' dir='ltr'>Vide</span> <span class='ocrx_word' id='word_1_279' title='bbox 210 3280 385 3366; x_wconf 88' lang='lat' dir='ltr'>Appendic.</span> <span class='ocrx_word' id='word_1_280' title='bbox 398 3280 436 3344; x_wconf 89' lang='lat' dir='ltr'>ad</span> <span class='ocrx_word' id='word_1_281' title='bbox 454 3281 670 3345; x_wconf 89' lang='lat' dir='ltr'>Andronicum</span> <span class='ocrx_word' id='word_1_282' title='bbox 687 3281 792 3348; x_wconf 90' lang='lat' dir='ltr'>Rhod.</span> <span class='ocrx_word' id='word_1_283' title='bbox 804 3304 835 3365; x_wconf 88' lang='lat' dir='ltr'>p.</span> <span class='ocrx_word' id='word_1_284' title='bbox 855 3303 927 3365; x_wconf 83' lang='lat'>755.</span> <span class='ocrx_word' id='word_1_285' title='bbox 941 3281 1086 3345; x_wconf 86' lang='lat' dir='ltr'>Holstert.</span> 
     </span>
    </p>

    <p class='ocr_par' dir='ltr' id='par_1_9' title="bbox 112 3363 1263 3704">
     <span class='ocr_line' id='line_1_36' title="bbox 155 3363 1167 3451; baseline 0 -23"><span class='ocrx_word' id='word_1_286' title='bbox 155 3365 204 3444; x_wconf 79' lang='lat'>64.</span> <span class='ocrx_word' id='word_1_287' title='bbox 230 3365 414 3451; x_wconf 72' lang='lat' dir='ltr'>&#39;Aramis‘rcp]</span> <span class='ocrx_word' id='word_1_288' title='bbox 427 3363 507 3430; x_wconf 89' lang='lat' dir='ltr'>lllud</span> <span class='ocrx_word' id='word_1_289' title='bbox 521 3386 623 3428; x_wconf 90' lang='lat' dir='ltr'>autem</span> <span class='ocrx_word' id='word_1_290' title='bbox 636 3366 823 3431; x_wconf 87' lang='lat' dir='ltr'>vocabulum</span> <span class='ocrx_word' id='word_1_291' title='bbox 831 3364 1002 3446; x_wconf 62' lang='lat' dir='ltr'>hermuino,</span> <span class='ocrx_word' id='word_1_292' title='bbox 1013 3371 1038 3428; x_wconf 90' lang='lat' dir='ltr'>si</span> <span class='ocrx_word' id='word_1_293' title='bbox 1052 3365 1167 3428; x_wconf 91' lang='lat' dir='ltr'>mendo</span> 
     </span>
     <span class='ocr_line' id='line_1_37' title="bbox 120 3445 1169 3537; baseline 0.003 -25"><span class='ocrx_word' id='word_1_294' title='bbox 120 3469 214 3527; x_wconf 85' lang='lat' dir='ltr'>caret,</span> <span class='ocrx_word' id='word_1_295' title='bbox 235 3473 299 3514; x_wconf 91' lang='lat' dir='ltr'>non</span> <span class='ocrx_word' id='word_1_296' title='bbox 320 3450 463 3514; x_wconf 89' lang='lat' dir='ltr'>videatur</span> <span class='ocrx_word' id='word_1_297' title='bbox 483 3452 568 3517; x_wconf 89' lang='lat' dir='ltr'>aliud</span> <span class='ocrx_word' id='word_1_298' title='bbox 587 3473 674 3536; x_wconf 87' lang='lat' dir='ltr'>posse</span> <span class='ocrx_word' id='word_1_299' title='bbox 695 3451 846 3537; x_wconf 83' lang='lat' dir='ltr'>appellare</span> <span class='ocrx_word' id='word_1_300' title='bbox 858 3446 1009 3518; x_wconf 55' lang='lat' dir='ltr'>hedalu</span> <span class='ocrx_word' id='word_1_301' title='bbox 1030 3445 1169 3524; x_wconf 56' lang='lat' dir='ltr'>mesor,</span> 
     </span>
     <span class='ocr_line' id='line_1_38' title="bbox 112 3529 1263 3622; baseline 0.002 -28"><span class='ocrx_word' id='word_1_302' title='bbox 112 3529 446 3622; x_wconf 61' lang='lat' dir='ltr'>huam&#39;improbitatem</span> <span class='ocrx_word' id='word_1_303' title='bbox 468 3555 625 3600; x_wconf 82' lang='lat' dir='ltr'>extremam</span> <span class='ocrx_word' id='word_1_304' title='bbox 637 3568 650 3612; x_wconf 83' lang='lat'>,-</span> <span class='ocrx_word' id='word_1_305' title='bbox 672 3536 882 3612; x_wconf 87' lang='lat' dir='ltr'>adverbum,</span> <span class='ocrx_word' id='word_1_306' title='bbox 906 3540 958 3598; x_wconf 89' lang='lat' dir='ltr'>cui</span> <span class='ocrx_word' id='word_1_307' title='bbox 977 3535 1052 3597; x_wconf 90' lang='lat' dir='ltr'>nihil</span> <span class='ocrx_word' id='word_1_308' title='bbox 1075 3536 1168 3613; x_wconf 82' lang='lat' dir='ltr'>adjici</span> <span class='ocrx_word' id='word_1_309' title='bbox 1261 3608 1263 3611; x_wconf 22' lang='grc' dir='ltr'>Ι</span> 
     </span>
     <span class='ocr_line' id='line_1_39' title="bbox 120 3617 1040 3704; baseline 0.001 -24"><span class='ocrx_word' id='word_1_310' title='bbox 120 3637 218 3700; x_wconf 89' lang='lat' dir='ltr'>potest.</span> <span class='ocrx_word' id='word_1_311' title='bbox 236 3621 296 3684; x_wconf 88' lang='lat' dir='ltr'>Pro</span> <span class='ocrx_word' id='word_1_312' title='bbox 312 3643 350 3682; x_wconf 91' lang='lat' dir='ltr'>eo</span> <span class='ocrx_word' id='word_1_313' title='bbox 363 3640 464 3684; x_wconf 88' lang='lat' dir='ltr'>tamen</span> <span class='ocrx_word' id='word_1_314' title='bbox 478 3626 579 3704; x_wconf 88' lang='lat' dir='ltr'>potius</span> <span class='ocrx_word' id='word_1_315' title='bbox 596 3621 673 3685; x_wconf 92' lang='lat' dir='ltr'>dicit</span> <span class='ocrx_word' id='word_1_316' title='bbox 685 3617 886 3701; x_wconf 62' lang='lat' dir='ltr'>brompdanloe.</span> <span class='ocrx_word' id='word_1_317' title='bbox 898 3622 1040 3702; x_wconf 76' lang='lat' dir='ltr'>Stephon.</span> 
     </span>
    </p>

    <p class='ocr_par' dir='ltr' id='par_1_10' title="bbox 121 3698 1170 3860">
     <span class='ocr_line' id='line_1_40' title="bbox 157 3698 1170 3790; baseline 0.005 -25"><span class='ocrx_word' id='word_1_318' title='bbox 157 3705 248 3770; x_wconf 87' lang='lat' dir='ltr'>Hanc</span> <span class='ocrx_word' id='word_1_319' title='bbox 267 3710 468 3790; x_wconf 91' lang='lat' dir='ltr'>posteriorem</span> <span class='ocrx_word' id='word_1_320' title='bbox 484 3705 626 3768; x_wconf 87' lang='lat' dir='ltr'>voculam</span> <span class='ocrx_word' id='word_1_321' title='bbox 653 3707 736 3789; x_wconf 77' lang='grc' dir='ltr'>(τῇ)</span> <span class='ocrx_word' id='word_1_322' title='bbox 760 3706 904 3768; x_wconf 85' lang='lat' dir='ltr'>delerent.</span> <span class='ocrx_word' id='word_1_323' title='bbox 922 3705 995 3767; x_wconf 84' lang='lat' dir='ltr'>Vox</span> <span class='ocrx_word' id='word_1_324' title='bbox 1016 3698 1170 3770; x_wconf 57' lang='lat' dir='ltr'>maestos</span> 
     </span>
     <span class='ocr_line' id='line_1_41' title="bbox 121 3785 1143 3860; baseline 0.006 -14"><span class='ocrx_word' id='word_1_325' title='bbox 121 3785 216 3852; x_wconf 83' lang='lat' dir='ltr'>delicit</span> <span class='ocrx_word' id='word_1_326' title='bbox 231 3795 264 3852; x_wconf 90' lang='lat' dir='ltr'>in</span> <span class='ocrx_word' id='word_1_327' title='bbox 281 3791 401 3854; x_wconf 85' lang='lat' dir='ltr'>lexicis.</span> <span class='ocrx_word' id='word_1_328' title='bbox 419 3790 529 3852; x_wconf 84' lang='lat' dir='ltr'>Marx.</span> <span class='ocrx_word' id='word_1_329' title='bbox 933 3850 937 3860; x_wconf 88' lang='grc'><em>,</em></span> <span class='ocrx_word' id='word_1_330' title='bbox 1139 3816 1143 3822; x_wconf 77' lang='grc'><strong>’</strong></span> 
     </span>
    </p>

    <p class='ocr_par' dir='ltr' id='par_1_11' title="bbox 73 3871 1171 4045">
     <span class='ocr_line' id='line_1_42' title="bbox 73 3871 1170 3960; baseline -0.003 -25"><span class='ocrx_word' id='word_1_331' title='bbox 73 3891 75 3894; x_wconf 85' lang='grc'><strong><em>·</em></strong></span> <span class='ocrx_word' id='word_1_332' title='bbox 157 3871 274 3939; x_wconf 88' lang='lat' dir='ltr'>Delicit</span> <span class='ocrx_word' id='word_1_333' title='bbox 297 3872 459 3942; x_wconf 56' lang='lat' dir='ltr'>&amp;cambriae</span> <span class='ocrx_word' id='word_1_334' title='bbox 474 3874 523 3936; x_wconf 92' lang='lat' dir='ltr'>vel</span> <span class='ocrx_word' id='word_1_335' title='bbox 544 3879 577 3936; x_wconf 91' lang='lat' dir='ltr'>in</span> <span class='ocrx_word' id='word_1_336' title='bbox 597 3876 681 3939; x_wconf 77' lang='lat' dir='ltr'>Auca</span> <span class='ocrx_word' id='word_1_337' title='bbox 694 3900 726 3937; x_wconf 92' lang='lat' dir='ltr'>·r.</span> <span class='ocrx_word' id='word_1_338' title='bbox 742 3874 825 3939; x_wconf 73' lang='lat' dir='ltr'>lexic.</span> <span class='ocrx_word' id='word_1_339' title='bbox 837 3896 924 3960; x_wconf 75' lang='lat' dir='ltr'>groec.</span> <span class='ocrx_word' id='word_1_340' title='bbox 949 3871 999 3936; x_wconf 91' lang='lat' dir='ltr'>ed.</span> <span class='ocrx_word' id='word_1_341' title='bbox 1021 3872 1170 3947; x_wconf 85' lang='lat' dir='ltr'>Osann0‚</span> 
     </span>
     <span class='ocr_line' id='line_1_43' title="bbox 120 3953 1171 4045; baseline -0.001 -27"><span class='ocrx_word' id='word_1_342' title='bbox 120 3953 247 4022; x_wconf 87' lang='lat' dir='ltr'>Darmst.</span> <span class='ocrx_word' id='word_1_343' title='bbox 266 3960 359 4040; x_wconf 72' lang='lat'>1824.</span> <span class='ocrx_word' id='word_1_344' title='bbox 378 3959 523 4024; x_wconf 89' lang='lat' dir='ltr'>Ceterum</span> <span class='ocrx_word' id='word_1_345' title='bbox 536 3965 567 4022; x_wconf 90' lang='lat' dir='ltr'>in</span> <span class='ocrx_word' id='word_1_346' title='bbox 582 3960 669 4038; x_wconf 91' lang='lat' dir='ltr'>loco,</span> <span class='ocrx_word' id='word_1_347' title='bbox 680 3983 772 4044; x_wconf 89' lang='lat' dir='ltr'>quem</span> <span class='ocrx_word' id='word_1_348' title='bbox 787 3955 1075 4045; x_wconf 88' lang='lat' dir='ltr'>interpolationibus</span> <span class='ocrx_word' id='word_1_349' title='bbox 1086 3953 1171 4017; x_wconf 89' lang='lat' dir='ltr'>labo-</span> 
     </span>
    </p>
   </div>
   <div class='ocr_carea' id='block_1_3' title="bbox 0 0 1422 4659">
    <p class='ocr_par' dir='ltr' id='par_1_12' title="bbox 0 0 1422 4659">
     <span class='ocr_line' id='line_1_44' title="bbox 0 0 1422 4659; baseline 0 0"><span class='ocrx_word' id='word_1_350' title='bbox 0 0 1422 4659; x_wconf 95' lang='lat' dir='ltr'> </span> 
     </span>
    </p>
   </div>
  </div>
 </body>
</html>
