2834 4659
243 367 285 436 18
440 379 703 434 mssanrarro
723 381 787 449 pn
816 382 1088 448 nrcnaacuo,

210 567 217 581 Ι
238 485 483 583 superstitibus
504 482 741 554 restaurandas
766 486 951 581 indulgete·
970 487 1051 556 Hoc
1072 492 1293 585 ergo³anno

237 592 265 659 si
287 590 459 683 scripserit
478 588 717 667 Dicaearchus,
742 611 786 657 ne
809 590 936 678 justum
956 592 1099 682 quidem
1126 592 1173 661 it'a
1201 614 1294 683 qua-

235 683 436 762 driennium
466 692 688 783 impleverint
719 716 738 759 a
762 692 885 784 positis
912 700 1019 762 novae
1037 693 1132 763 urhis
1157 692 1294 765 funda-

235 796 362 865 mentis
385 798 577 863 resta'uratae
597 794 739 871 Thebae,
764 792 921 888 Spatium
940 790 1010 865 hoc
1032 796 1134 866 nimis
1154 816 1293 867 arctum

236 917 307 978 est,
328 921 443 989 quam.
457 915 496 965 ut
514 914 642 968 tantam
663 888 926 989 amplltudinem
951 901 988 969 in
1006 918 1153 993 utroque
1178 924 1292 993 opere

172 1056 174 1066 .
234 1019 563 1081 commemoratam,
583 1018 652 1068 tam
676 1003 819 1070 metrico
837 1024 943 1093 quam
958 1004 1134 1095 prosaico,
1152 1021 1292 1073 restau-

189 1144 193 1149 ·
235 1123 313 1199 ratae
327 1114 639 1196 consequerentur.
652 1103 762 1172 Hun'c
774 1115 889 1174 autem
902 1129 1034 1184 annum
1046 1108 1290 1177 restitutorum

234 1208 384 1279 libertati
395 1206 679 1277 Chalcidensium
693 1208 731 1275 in
746 1204 878 1278 Graecia
890 1208 1162 1278 turbidissimum
1178 1208 1291 1280 fuisse

154 1339 156 1346 ¹
234 1314 339 1382 docet
360 1312 554 1394 Diodorus,
578 1334 727 1403 quarum
755 1328 873 1380 tamen
895 1312 1070 1381 turbarum
1097 1314 1289 1409 vestigium

234 1439 374 1508 prorsus
391 1415 526 1484 nullum
547 1416 738 1506 reperimus
756 1412 793 1482 in
811 1416 942 1485 utrovis
960 1420 1066 1509 opeie
1084 1411 1290 1488 Dicaearchi.

234 1517 389 1589 Proinde
412 1542 509 1587 anno
533 1519 666 1607 juliano
689 1518 749 1587 illo
772 1519 835 1609 qui
857 1520 907 1588 his
931 1517 1165 1612 olympiadum
1185 1522 1291 1590 annis

232 1622 470 1716 respondebat
493 1620 642 1715 (nempe
659 1614 868 1741 olymp.
810 1614 915 1710 cxv-nri
963 1644 1038 1691 non
1061 1621 1161 1693 facile
1180 1624 1291 1692 credi-

209 1767 212 1773 ·
234 1728 344 1795 derim
363 1726 434 1793 haec
450 1725 597 1795 scrihere
615 1722 771 1818 potuisse
790 1721 1038 1794 Dicaearchum.
1062 1724 1176 1795 Antea
1198 1750 1290 1823 ergo

121 1843 123 1848 “
234 1830 409 1922 scripserit
424 1846 580 1922 oportet,
602 1829 658 1897 vel
674 1844 806 1922 postea.
822 1826 857 1898 Si
878 1828 1018 1921 quidem
1037 1845 1154 1910 antea,
1172 1830 1291 1899 adhuc

234 1931 437 2022 arctioribus
460 1932 623 2001 limitibus
648 1932 879 2001 concludetur
899 1950 993 2001 tauta
1017 1933 1090 2015 illa,
1119 1951 1289 2025 quantam

234 2056 385 2128 utroque
412 2059 519 2127 opere
546 2036 766 2105 Dicaearchus
787 2036 964 2132 agnoscit,
992 2036 1086 2105 urbis
1111 2035 1291 2107 Thebanae
1404 2132 1405 2135 Ἴ

234 2156 425 2210 restauratae
448 2136 719 2235 magnificentia.
744 2138 839 2234 Ergo
867 2155 988 2232 postea
1010 2140 1075 2208 alia
1102 2141 1165 2208 erit
1189 2162 1291 2231 quae-
1404 2222 1405 2227 ἵ

235 2245 342 2312 reuda
351 2237 487 2325 hasela,
501 2265 574 2335 quo
587 2244 739 2335 poterint
751 2242 969 2311 commodius
962 2234 1167 2312 Dicaearchi
1178 2243 1292 2313 verba
1404 2234 1405 2279 t

235 2345 370 2415 referri.
377 2343 421 2415 Et
434 2346 578 2437 quidem
592 2346 691 2414 aliam
708 2346 813 2414 habet
823 2336 1003 2415 Diodorus
1019 2349 1175 2438 ejusde'ln
1189 2346 1291 2416 urbis

236 2448 478 2518 Chalcidensis
494 2470 519 2516 e·
529 2460 620 2516 n'ova
632 2450 794 2518 servitute
807 2449 1017 2531 libertatem,
1033 2450 1173 2519 auctore
1186 2449 1293 2518 liher-

237 2554 312 2621 tatis
328 2551 510 2619 Demetrio
524 2550 729 2620 Poliorcete;
742 2550 797 2620 Sic
808 2552 902 2621 enim
915 2554 1016 2622 habet
1027 2554 1157 2645 olymp;
1175 2566 1292 2637 cxtx,

244 2681 292 2723 r.
308 2651 423 2736 noim
444 2680 495 2732 μεν
513 2648 572 2722 th-
579 2649 748 2723 xmusat‘ov
772 2646 852 2723 aiau
875 2647 1055 2741 inaudimus
1079 2650 1293 2775 apamenum

234 2749 289 2823 dard
320 2756 470 2835 Βοιωτυν,
503 2750 554 2847 'Ul
584 2785 656 2832 τους
664 2750 757 2826 aurai
784 2751 829 2829 tlt
861 2754 993 2832 Bormiae
1016 2753 1293 2847 uawnhhffoiparoe

237 2857 408 2945 ἦνιίγκασιν
422 2844 622 2947 {undarat
592 2885 637 2937 'tte
651 2860 842 2951 Kaeeairdpav
855 2861 966 2944 φιλίως
985 2863 1124 2948 Quidni
1140 2888 1228 2961 ergo
1244 2866 1295 2933 de

238 2965 389 3033 secunda
413 2964 476 3031 hac
499 2961 780 3039 Chalcidensium
800 2967 962 3035 servitute
981 2965 1249 3063 Dicaearchum
1237 2991 1298 3037 rn-

234 3064 473 3163 telligamust
469 3064 529 3135 Est
548 3090 632 3137 sane
649 3074 713 3137 cur'
726 3094 769 3138 eo
790 3070 923 3162 potius,
945 3091 1092 3163 quam
1069 3071 1112 3139 ad
1135 3071 1295 3164 priorem
1403 3152 1404 3159 ἵ

239 3171 305 3241 sub
325 3154 542 3253 Cassandro,
549 3157 668 3241 verha
688 3176 764 3265 ejus
788 3171 987 3243 referamus.
1008 3171 1102 3242 Facit
1126 3177 1296 3265 eoquod
1317 3256 1319 3261 Ι

237 3272 341 3343 habet
359 3291 508 3365 utroque
530 3296 636 3367 opere
656 3279 700 3347 de
723 3276 863 3371 Oropo,
884 3274 1054 3346 Verba
1022 3300 1098 3367 erus
1121 3278 1158 3346 in
1181 3300 1296 3370 opere

76 3434 81 3459 ,
165 3436 173 3449 .
239 3378 381 3460 metrico
399 3376 447 3449 ita
464 3401 502 3446 se
521 3378 679 3448 hahent:

585 3561 592 3577 ‘
713 3532 867 3598 ιΒίωἳῐιιίι
930 3531 932 3538 y
967 3570 971 3595 t
1064 3564 1069 3575 ·

405 3638 500 3705 Χωρςι
517 3624 633 3712 dium
647 3560 897 3703 dulueltunam
914 3627 1018 3711 (legl'
1003 3623 1079 3691 unia.
1092 3624 1133 3689 G.
1142 3620 1169 3712 )',
1181 3650 1296 3707 autum

406 3721 598 3794 Tlcoom‘tlhc
610 3722 701 3843 χάρις
716 3718 850 3794 wca‘h.
867 3721 906 3785 K’
918 3718 970 3788 ieta
988 3722 1038 3783 dha

327 3818 334 3830 “
402 3812 528 3898 ’Ealmp'
545 3810 600 3899 ipa·
621 3844 648 3881 ar
661 3814 715 3897 μεν
728 3812 837 3879 Enrxulr
851 3810 1031 3898 maluerat,

273 3934 387 3997 .¹.V581
426 3937 505 4020 ³qu
