2834 4659
216 346 240 415 6
423 363 685 420 nrssrnrrrro
715 364 768 417 oa
793 358 1060 428 nrcnrn'cno,
1133 386 1135 394 2

216 474 367 539 veterum
397 467 621 553 Thebarum,
652 494 729 563 quae
758 471 822 538 sub
852 458 1095 561 Epaminonda
1120 472 1269 539 maxime

219 572 424 658 floruerant,
440 566 742 666 exempto'ufiau.
757 573 802 641 Et
810 574 951 667 quidem
965 574 1142 665 utriusque
1155 578 1274 666 operis

174 743 177 750 ,
219 695 423 759 aetate,-tam
438 679 588 756 metrici,
615 699 720 769 quarn
743 679 917 769 prosaici,¹
934 701 1064 745 nornen
1089 678 1174 745 iliud
1194 702 1270 745 me-

220 781 350 861 ruisse,
368 779 550 870 utriusque
564 782 678 873 operis
693 782 889 850 testimonia
906 782 1029 850 diserta
1045 798 1134 849 sunt.
1150 780 1273 849 Ambi-

136 961 138 964 .
219 902 292 950 tum
314 884 404 952 iliius
425 886 614 963 stadiorum
637 902 738 952 thtt
766 888 868 953 docet
883 882 991 955 fuisse
1013 903 1136 963 auctor,
1149 885 1270 977 operis

221 987 371 1069 metrici,
386 1012 438 1056 vs.
453 985 520 1081 94,
536 1004 584 1080 95
598 1014 606 1064 ;
623 989 768 1071 rectius,
784 1005 822 1055 ut
837 989 974 1081 opinor,
989 1006 1094 1079 quam
1109 988 1147 1055 in
1162 1010 1273 1079 opere

215 1093 403 1181 prosaico,
429 1116 502 1183 quo
520 1092 675 1179 ejusdem
699 1090 848 1159 ambitus
866 1094 909 1159 ad
927 1092 1035 1161 stadia
1055 1106 1133 1161 Lxx
1151 1108 1271 1159 exten-

218 1195 321 1261 ditur.
342 1192 377 1263 si
396 1196 439 1262 de
464 1195 647 1285 utriusque
669 1193 827 1262 iectionis
853 1195 1047 1263 sinceritate
1071 1212 1271 1274 constaret,

218 1322 289 1365 non
308 1322 394 1391 opus
413 1300 657 1367 tantummodo
672 1298 845 1366 diversum
862 1322 936 1367 esse
950 1298 1033 1366 inde
1047 1294 1268 1367 manifestum

218 1404 444 1494 esset,·quod
471 1401 611 1469 voiebat
637 1400 813 1480 Barthius‚
839 1403 936 1492 quod
962 1424 1007 1469 ne
1034 1402 1188 1493 quidem
1204 1426 1270 1471 nos

218 1502 423 1575 inficiamur
442 1501 652 1597 Sequeretur
667 1522 827 1597 praeterea
841 1506 994 1579 ,auctoris
1006 1526 1150 1597 quoque
1166 1502 1274 1575 fuisse

218 1608 417 1679 duent-Er
432 1610 574 1701 quidem
592 1609 637 1676 ita
654 1625 693 1676 ut
706 1608 790 1676 aiter
806 1609 942 1689 saitem,
961 1609 1070 1676 aliena
1087 1605 1176 1689 fide,
1193 1630 1274 1699 quar

151 1703 155 1728 ³
217 1714 364 1803 posteris
381 1705 558 1781 tradiderit
569 1700 668 1805 ipse,
688 1712 845 1780 didicerit
866 1737 875 1779 a
895 1712 950 1780 vei
971 1730 1068 1780 aetate
1088 1712 1189 1780 etiam
1213 1736 1271 1779 re·

218 1834 311 1884 mota
323 1818 461 1898 uixerit,
478 1840 554 1907 quac
569 1815 818 1896 mutationem,
833 1816 869 1883 in
886 1818 1006 1883 eadem
1019 1814 1123 1896 urbe,
1142 1833 1275 1883 tantam·

218 1918 347 1989 fecerit.
361 1920 438 1989 Nec
455 1920 554 1994 enim,
564 1921 678 2012 potuit
695 1922 818 1988 eodem
836 1936 993 2011 tempore
1005 1918 1099 1987 urbis
1113 1920 1271 2005 ejusdem

202 2022 368 2092 ambitus
388 2027 511 2093 adeoa
532 2045 569 2091 se·
596 2023 812 2115 discrepare3
834 2046 900 2089 nec
917 2022 1020 2089 unius
1042 2024 1273 2113 ejusdemque

217 2129 321 2195 aetatis
341 2145 518 2209 auctores,
547 2145 696 2219 quorum
725 2145 869 2219 uterque
890 2125 1032 2205 urbem,
1062 2128 1106 2192 de
1123 2148 1191 2217 qua
1214 2125 1271 2192 io.-

218 2231 360 2322 quitur·‚
391 2232 602 2324 exploratam
619 2230 809 2315 habuerit,
838 2232 925 2297 adeo
951 2228 1101 2298 invicem
1133 2228 1271 2297 dissen-

217 2352 317 2402 tanea
330 2338 470 2404 tradere
485 2353 643 2427 poterant
665 2337 708 2425 de
727 2336 881 2422 ejusdem
900 2332 995 2401 urbis
1013 2333 1168 2401 circuitu.
1191 2330 1270 2400 Nos

215 2457 330 2508 autem
344 2441 686 2529 uniusejusdemque
697 2439 846 2506 auctoris
859 2461 949 2530 opus
960 2453 1148 2529 utrumque
1161 2434 1273 2505 fuisse

220 2566 302 2610 mox
327 2545 576 2624 ostendemus,
605 2560 639 2608 et
662 2565 707 2617 ne
731 2543 871 2633 quidem
894 2540 1059 2635 temporis
1082 2541 1271 2608 admodum

218 2647 351 2713 diversi.
368 2644 482 2734 Cujus
502 2667 587 2739 ergo
604 2641 708 2742 fidem
728 2647 901 2738 potiorem
919 2644 1145 2714 habebimus!
1165 2640 1272 2735 Ope·

218 2750 284 2828 ris,
303 2768 458 2840 utputo,
474 2748 622 2827 metrici,
636 2752 736 2836 cujus
751 2750 887 2819 numeri
898 2748 1011 2817 verbis
1024 2748 1274 2840 concipiuntur

214 2853 386 2947 integris,
411 2870 445 2919 et
466 2876 529 2943 pro
554 2854 653 2919 metri
677 2852 757 2950 iege
782 2853 894 2921 certis.
917 2850 1028 2921 Soluti
1054 2852 1168 2944 operis
1199 2874 1270 2917 nu-

217 2978 331 3042 merus
353 2974 436 3025 nota
460 2958 699 3023 tantummodo
720 2972 996 3048 repraesentatur:
1025 2955 1060 3022 in
1080 2976 1149 3047 qua
1169 2953 1284 3023 libra--

216 3061 345 3129 riorum
367 3060 585 3156 negligentia
602 3084 674 3126 non
696 3060 810 3128 minus
831 3057 995 3151 frequens
1016 3077 1067 3128 est
1091 3082 1195 3151 quarn
1219 3058 1273 3127 fa-

218 3164 291 3231 ciiis
315 3183 418 3255 atque
447 3163 620 3255 proclivis.
645 3158 779 3232 Sufficit
805 3183 918 3232 autern
941 3163 995 3230 vei
1018 3185 1184 3230 numerus
1210 3161 1273 3231 isse

219 3268 332 3347 minor
347 3267 540 3334 milliarium
557 3287 593 3347 v,
609 3285 641 3335 et
655 3264 727 3335 fere
743 3254 894 3345 dimidii,
919 3285 957 3333 ut
969 3266 1112 3336 urbibus
1130 3266 1272 3361 magnis

106 3445 111 3455 κ
216 3389 457 3438 accenseretur
490 3369 572 3438 urbs
596 3370 775 3442 Thebana.
802 3368 1215 3461 Bis'quidern‚.fateor‘9
1252 3394 1275 3438 a

216 3473 417 3541 Demetrio·
450 3473 669 3554 Poliorcete,
703 3476 812 3543 nostri
838 3474 938 3542 etiam
962 3473 1148 3551 Dicaearchi
1171 3491 1275 3543 aetate

216 3594 333 3668 captas
360 3601 433 3645 esse
455 3576 604 3645 Thebas.
634 3575 701 3644 Sed
728 3572 922 3662 κςπαοκάψυς
948 3575 1012 3645 iltae
1031 3577 1165 3645 censeri
1194 3588 1273 3645 non

216 3697 377 3775 ppterant
389 3704 464 3771 quae
482 3681 644 3749 victorem
664 3682 848 3751 habuerint
868 3681 1188 3749 clementissimum.
1205 3696 1275 3747 lta-

214 3778 363 3869 τιὶωιιψς
380 3807 466 3885 ergo
484 3783 539 3852 illa
556 3784 676 3852 ditima
690 3783 793 3853 fuerit
808 3803 945 3878 oportet
958 3786 1062 3875 quani
1081 3785 1151 3851 dixi
1163 3782 1271 3865 ‚cum

256 3921 264 3946 ¹
274 3917 409 3975 Plutarch.
423 3917 533 3975 Demetr.
546 3920 554 3994 (
565 3929 586 3983 s.
600 3941 633 3996 39
642 3963 649 3988 ‚
659 3939 687 3995 p.
698 3932 749 3996 49,
760 3918 837 3975 Hutt.
850 3918 868 3993 ).
