2834 4659
164 371 167 378 .
224 310 273 390 46
429 289 690 375 nissanrarro
723 326 774 375 os
804 326 1071 389 orcaascuo,

223 455 301 501 rum.
314 428 384 497 Sed
403 429 520 520 nullus
535 429 590 497 hic
606 429 732 523 legitur
747 430 838 497 inter
852 448 1011 501 auctores
1031 449 1190 507 externos
1210 432 1266 499 Di·

164 574 167 602 ;
222 534 403 604 caearchus.
421 530 487 614 Sed
500 530 607 603 facilis
620 534 787 611 est-ratio,
812 536 910 625 quod
924 551 1061 605 montes
1076 535 1130 603 hic
1148 558 1265 605 recen·
1384 614 1385 623 3

221 655 363 704 scantur
375 636 623 715 occidentales,
641 636 775 726 quique
788 639 831 717 ad
847 638 1054 732 regesillos,
1078 638 1139 729 qui
1151 662 1264 724 curam
1343 628 1352 648 ἡ
1384 704 1385 723 ,

140 818 142 820 ,
219 739 312 809 illam
331 740 529 807 Dicaearcho
547 740 806 826 demandarint,
832 738 973 810 minime
992 742 1189 833 spectarint.
1214 741 1266 813 Li·

222 844 321 912 mites
337 843 434 910 enim
451 844 505 911 hic
522 845 764 936 tantummodo
781 842 999 913 Macedonia:
1015 844 1264 927 describuntur,

222 970 296 1014 non
315 946 389 1037 ipsa
417 946 639 1016 Macedonia.
666 946 783 1017 Libro·
795 966 910 1029 autem
939 953 995 1019 1v⁰
1021 950 1265 1040 promittuntur

221 1051 346 1117 iterum
374 1050 410 1117 in
437 1045 631 1146 argumenti
654 1050 773 1129 initio,
809 1069 1107 1143 numeranturque
1135 1052 1172 1121 in
1197 1048 1265 1119 fine

146 1202 150 1210 .
196 1187 199 1192 ·
221 1170 374 1232 montes,
398 1154 616 1244 occurritque
634 1154 723 1223 inter
743 1171 920 1233 externos,
940 1178 1033 1245 quos
1053 1154 1187 1225 Plinius
1209 1178 1264 1225 ex-

220 1253 399 1348 cerpserit,
413 1256 644 1327 Dicaearchds.
654 1254 745 1325 Sunt
757 1258 896 1327 enim-in
911 1257 1265 1351 hoclihroprovinciae
1311 1336 1312 1341 ¹

221 1361 337 1428 multae
346 1384 491 1457 regum
510 1384 611 1451 quos
608 1361 706 1439 dixi,
714 1362 1040 1435 macedonicorum.
1058 1359 1218 1435 Similiter
1234 1378 1265 1429 et
1335 1402 1336 1411 .
1384 1380 1385 1411 t

221 1465 258 1531 in
272 1457 348 1557 lihri
363 1485 389 1533 v
406 1481 614 1562 argumento
634 1464 823 1583 promissos
837 1464 988 1567 legimus
1008 1465 1264 1555 recensitosque

222 1588 380 1646 montes,
405 1586 439 1636 et
458 1569 496 1635 in
517 1568 668 1639 externis
688 1568 887 1639 auctoribus
914 1592 1048 1641 nomen
1068 1566 1264 1641 Dicaearchi.

111 1669 114 1673 ’
222 1671 292 1739 Hic
308 1673 402 1740 enim
416 1694 532 1739 rursus
542 1672 615 1767 egit
627 1670 762 1741 Plinius
774 1672 818 1741 de
828 1672 1016 1763 provinciis
1028 1672 1264 1745 Macedonum

221 1775 379 1844 asiaticis.
396 1774 472 1843 Nec
485 1774 580 1844 aliter
594 1776 632 1845 in
644 1773 810 1857 rihmar,
823 1798 897 1866 quo
913 1776 983 1845 alia
993 1799 1142 1868 wquoque
1156 1790 1265 1849 recen·

182 1929 188 1937 ι
221 1896 343 1950 sentus
357 1880 595 1949 Macedonum
609 1873 795 1970 proiiuciae
813 1880 853 1953 in
867 1880 942 1972 ipsa
958 1881 1059 1963 Asia,
1078 1898 1264 1971 auctorque

216 1980 352 2076 legitur
365 1981 402 2049 in
419 1976 491 2086 line
510 1982 666 2067 similiter
680 1982 912 2053 Dicaearchus.
930 1982 982 2057 Ex
997 1984 1048 2053 his
1063 1980 1165 2056 heito
1175 1980 1266 2051 colli·
1366 2010 1367 2017 ι
1384 1974 1385 1987 ’

222 2085 336 2179 gimus
350 2086 521 2153 montium
534 2088 791 2167 recensionem,
808 2110 885 2177 quar
896 2105 963 2157 tam
975 2086 1142 2179 frequens
1151 2106 1266 2186 occur·

222 2189 281 2269 rit,
314 2190 498 2279 prasertim
521 2189 559 2257 in
585 2190 761 2260 minorum
786 2190 943 2286 gentium
956 2190 1266 2279 ,asoculorumque

127 2379 132 2386 ι
221 2293 424 2383 aequiorum
448 2294 680 2389 geographis,
705 2294 904 2385 exemplum
929 2318 1111 2365 emanasse
1135 2292 1264 2365 abhoc

221 2414 343 2464 nostro
354 2396 567 2479 Dicaearcho.
581 2395 793 2492 Colligimus
805 2416 967 2489 praterea
981 2416 1117 2470 montes
1131 2420 1203 2467 non
1214 2416 1265 2463 so·

220 2493 287 2567 lius
301 2498 555 2591 Peloponnesi,
569 2519 604 2568 et
616 2525 662 2569 ne
671 2500 814 2591 qurdem
828 2498 967 2573 Graecrae
978 2500 1086 2571 soltus
1093 2497 1265 2589 ,descrip-

221 2625 307 2671 srsse
318 2602 572 2685 D1caearchum,
592 2608 653 2673 sed
669 2602 763 2673 orbis
776 2604 899 2687 etiam,
921 2629 992 2697 qua
1012 2602 1265 2677 Macedonibus

220 2704 382 2797 parebat,
398 2706 563 2775 universi.
587 2705 800 2803 Colligimus
818 2730 923 2799 porro
944 2708 1134 2781 Dicaearchi
1154 2728 1265 2777 exem·

210 2808 318 2910 plum
338 2828 477 2879 secutos
497 2812 718 2907 geographos
733 2810 935 2881 Dicaearcho
953 2814 1180 2891 recentiores,
1208 2802 1266 2900 qul

220 2912 322 2981 etiam
337 2914 403 3005 ipsi
423 2931 560 2983 montes
579 2915 819 3008 suppleverint
834 2917 1054 3013 regionuma
1070 2913 1266 2989 Dicaearcho

222 3018 383 3086 nondum
395 3018 660 3138 exploratorum.
670 3018 713 3089 Et
725 3044 808 3090 vero
823 3038 963 3090 montes
972 3021 1143 3117 dignos
1110 3043 1202 3095 visos
1211 3015 1266 3091 Dr

134 3119 137 3129 “
221 3121 375 3189 caearcho
387 3146 450 3213 qur
440 3122 851 3204 observarentur,etiarn
863 3142 957 3195 extra
968 3123 1266 3217 Peloponnesum,

222 3223 324 3294 etiam
346 3248 367 3292 e
387 3226 633 3298 vetustioribus
655 3230 827 3316 eiusdem,
850 3252 928 3321 que
949 3232 1015 3319 iarn
1041 3228 1182 3298 antecl.
1209 3224 1266 3295 Fa·

221 3324 370 3397 bricium
395 3330 600 3410 exstabant,
622 3330 828 3427 fragmentis
853 3333 1092 3457 intelligimus.
1121 3326 1266 3425 Delphis

223 3429 417 3501 observarit
437 3428 692 3503 Parnassum'
658 3462 731 3536 uara
744 3429 794 3525 vl
812 3432 919 3506 alam
936 3428 1019 3519 lere,
1047 3460 1096 3506 vs.
1115 3458 1182 3525 75,
1204 3433 1265 3519 76.

220 3531 618 3646 DePhocideitavs,8
630 3562 660 3626 3,
686 3540 838 3628 8d,85:

812 3664 842 3725 ιε’
856 3664 922 3727 ἐστὶν
940 3666 990 3728 alth

434 3754 555 3837 Επίσημ’
576 3747 635 3838 iper·
654 3756 682 3819 al
696 3782 748 3838 μιν
760 3757 868 3823 Emeda
888 3757 1062 3841 καλούμενον,

430 3840 720 3931 Eatq9r,K18oetpo‘u.
