2834 4659
345 351 557 417 musone
585 334 855 411 entcuaur'rs.
963 336 967 341 ⁴
1090 329 1188 439 97'

120 455 235 519 rationes
253 467 372 515 secutus
388 467 433 513 est
448 466 555 516 auctor
572 454 658 531 cujus
676 450 844 515 fidem-hic
867 462 987 519 secutus
1009 479 1052 521 est
1071 461 1143 547 Epi-

132 537 237 602 hanius.
482 553 485 598 ἰ
554 551 557 556 ’
731 604 734 607 ,
843 576 863 611 ι,
895 546 910 611 J

117 558 132 617 P
154 625 211 698 482
225 619 308 689 Varr.
328 620 592 691 ‚observationem
607 606 838 686 ,Timocharidis
855 621 947 686 habet
960 622 1143 693 Ptolemaeus

119 728 191 770 anno
201 704 353 768 Ptolemaei
368 702 560 787 Philadelphi
576 716 672 779 11110,
685 709 795 767 mesori
808 720 904 782 xvll,
916 710 1021 771 octob.
1036 714 1142 791 julian.

119 806 263 863 rt113anno
273 808 375 853 autem
388 788 473 852 Nab.
486 789 559 871 47⁶⁴
571 789 645 851 Hoc
660 810 784 873 quoque
798 809 889 875 secter
903 792 935 855 N
939 814 988 855 am
1006 794 1064 861 hoc
1078 802 1142 881 ipso

120 873 321 945 annoluliano
336 873 444 937 Thoth
460 873 642 957 sequebatur
665 876 738 935 anni
761 874 986 939 Nabonassarei
1006 884 1066 959 477
1090 906 1143 945 oc·

121 958 187 1020 tobr.
207 959 307 1037 julian.
321 954 383 1021 'die
406 974 483 1021 xxx.
511 957 565 1021 Sic
588 960 663 1019 anni
687 956 912 1022 Nabonassarei
933 966 1006 1041 464.
1034 964 1143 1031 Thoth

121 1044 180 1126 (qui
189 1065 254 1111 cum
263 1063 346 1105 anno
355 1042 558 1121 concurrebat
569 1040 764 1111 Varroniano
775 1044 838 1127 469
849 1042 1025 1131 desinente)
1039 1048 1143 1115 fuisset

121 1126 196 1189 thoth
209 1115 285 1192 illius
302 1137 365 1201 1¹³⁸;
389 1148 452 1211 quo
472 1145 574 1189 tamen
594 1143 732 1207 tempore
750 1126 889 1201 nondum
908 1126 1047 1195 Philadel
1068 1134 1141 1199 hunt

122 1214 192 1295 regni
213 1214 385 1294 participem
406 1233 478 1283 cum
503 1229 586 1293 patre
609 1208 727 1293 Lagide
748 1208 865 1275 factum
884 1210 974 1287 fuisse
998 1156 1141 1283 vidimus.

121 1294 236 1360 Proinde
247 1299 376 1379 spatium
390 1316 408 1357 a
423 1298 508 1378 regni
528 1296 617 1357 initio
635 1293 907 1379 (quandocunque
921 1296 1044 1361 demum
1066 1326 1143 1367 con·

121 1382 232 1463 tigerit)
253 1380 293 1445 ad
312 1378 401 1443 thoth
419 1396 596 1461 sequentem
619 1401 673 1462 pro
697 1400 781 1459 anpo
800 1380 962 1457 habebitur
985 1390 1069 1467 regni
1098 1402 1140 1453 ι’.

121 1462 159 1525 lta
175 1462 224 1528 het
239 1480 309 1535 urfa
326 1464 416 1527 thoth
440 1476 472 1524 ιο
490 1485 588 1531 annus
604 1464 751 1545 procedat
763 1465 848 1547 regni
868 1476 942 1543 11⁶⁸,
963 1484 993 1529 et
1013 1492 1032 1533 a
1053 1470 1141 1536 thoth

121 1547 186 1613 adeo
208 1560 281 1612 xll⁰'
299 1549 459 1612 exordium
483 1551 583 1631 capiat
607 1568 704 1612 annus
728 1553 813 1631 regni
837 1566 918 1625 xlii.
946 1550 1046 1637 ldque
1069 1554 1142 1621 sane

122 1652 226 1696 necesse
244 1652 324 1709 etat,
335 1650 370 1695 ut
386 1636 471 1719 regni
485 1636 576 1694 initio
591 1653 689 1694 annus
704 1650 802 1695 certus
817 1633 966 1716 designari
988 1645 1143 1721 potuerit,

120 1702 328 1799 quiqtleceisori-
338 1717 418 1788 adeo
434 1714 599 1798 commode
616 1716 707 1778 tribui
725 1740 787 1780 non
804 1722 923 1802 potuit,
947 1744 1019 1795 cum
1035 1728 1059 1789 is
1079 1748 1141 1789 non

121 1802 229 1885 amplius
244 1824 318 1873 esset
333 1807 365 1864 in
384 1806 470 1866 vivis.
482 1802 604 1875 'Hocsi
615 1822 721 1863 verum
730 1848 740 1877 ‚
762 1824 860 1865 rursus
878 1804 1049 1869 cavendum
1064 1831 1102 1871 ne
1118 1814 1142 1871 is

123 1906 203 1968 annus
213 1887 379 1964 decessori,
422 1890 453 1947 ui
465 1904 532 1971 post
546 1885 633 1964 thoth
646 1885 867 1969 precedentem
880 1892 996 1953 vixerat
1009 1938 1020 1969 ,
1041 1896 1141 1977 impu-

122 1985 226 2035 taretur.
239 1971 285 2035 lta
303 1976 386 2035 enim
398 1911 489 2034 heret
504 1987 539 2035 ut
558 1968 604 2031 bis
624 1970 706 2048 idem
729 1992 824 2033 annus
841 1994 1064 2053 numeraretur,
1087 1980 1142 2043 de-

122 2060 213 2139 cessori
227 2060 280 2142 qui
296 2060 413 2133 inierit,
432 2074 462 2119 et
474 2058 638 2119 successori
648 2058 703 2138 qui
714 2054 886 2131 absolverit.
902 2056 1020 2141 Magna
1028 2066 1143 2148 utique

122 2138 232 2225 ῶαῶχῖς
250 2145 407 2205 universae·
420 2140 610 2213 confusiones
627 2138 705 2201 lude
728 2137 850 2203 fortasse
871 2140 985 2204 factum
1001 2163 1035 2207 ut
1054 2147 1143 2211 thoth

121 2227 181 2284 anni
193 2223 420 2289 'Nabonassarei
440 2233 498 2303 425
515 2222 694 2285 Alexandro
712 2224 758 2287 Μ.
778 2246 840 2285 non
855 2223 945 2292 fuerit
963 2230 1145 2312 imputatus,

122 2305 164 2368 sed
182 2307 344 2371 Ptolemaeo
358 2308 407 2378 ¹La
429 2307 506 2383 idae,
522 2310 578 2389 qui
594 2326 665 2369 ante
684 2305 775 2375 finem
795 2308 874 2369 illius
892 2314 965 2371 anni
985 2320 1144 2391 successit,

122 2408 277 2478 annumque
294 2392 376 2457 adeo
391 2332 478 2455 illum
492 2390 760 2453 Nabonassareum
778 2390 917 2456 absolvit.
931 2392 1007 2457 lnde
1019 2396 1145 2463 fortasse

121 2476 190 2555 quod
208 2477 324 2561 epocha
348 2478 496 2561 Dionysii
517 2474 556 2538 ab
576 2477 666 2538 initio
689 2474 879 2557 Philadelphi
898 2484 970 2540 anni
996 2480 1142 2547 Varronis

123 2557 187 2643 4693
198 2584 297 2625 mense
308 2562 462 2625 solstitiali
475 2560 654 2633 Carcinone
665 2562 857 2642 processerit,
869 2561 953 2645 quod
969 2561 1155 2644 annovam*

122 2647 231 2715 tuniano
252 2650 393 2730 sequenti
412 2652 479 2724 ‚479
506 2646 590 2727 regni
613 2649 762 2728 particeps
788 2664 877 2707 antea
907 2645 1004 2711 lactus
1017 2650 1121 2717 “fuerit
1133 2703 1142 2731 ,

121 2747 197 2807 quam
208 2736 297 2803 iniret
309 2732 479 2795 Carcinon.
501 2728 553 2791 Sic
565 2749 637 2811 ergo
652 2724 740 2791 thoth
749 2728 872 2811 Lagidae
885 2742 1032 2811 xxiiim,
1049 2760 1141 2821 quem

121 2810 154 2871 illi
171 2816 271 2887 tribuit
290 2814 403 2878 Canon
421 2818 642 2877 astronomicus
660 2831 750 2876 antea
766 2836 859 2897 quam
872 2814 1058 2884 sufficeretur
1069 2821 1142 2885 Phi-

121 2892 277 2982 ladelphus,
302 2903 376 2964 anni
398 2916 463 2963 erat
482 2897 707 2960 Nabonassarei
719 2898 799 2979 463.
818 2900 904 2963 Nam
922 2901 1009 2966 illum
1026 2926 1143 2971 annum

120 2979 272 3049 absolverat
289 3003 489 3069 anteaquam
506 2983 682 3057 adscipisset
705 2982 853 3066 collegam
871 2988 903 3048 in
924 3008 1018 3069 regno
1037 2990 1142 3054 Phila-

121 3062 255 3149 delphum.
276 3070 354 3133 Non
371 3072 444 3131 item
456 3090 571 3132 annum
589 3066 856 3129 Nabonassareum
870 3075 950 3154 494,
969 3090 1039 3137 ante
1058 3084 1143 3157 cujus

120 3144 195 3213 finem
208 3160 267 3231 jam
291 3167 355 3224 'erat
370 3158 402 3215 in
420 3154 498 3216 solio
518 3141 741 3235 Philadelphus.
766 3150 845 3229 Inde
858 3154 1062 3238 intelligemus
1078 3182 1141 3247 quo

119 3252 193 3312 pacto
211 3237 383 3301 aestimandi
401 3242 462 3299 sint
478 3242 551 3302 anni
573 3235 637 3299 duo
648 3283 657 3311 ,
684 3258 761 3319 quos
773 3242 1141 3317 ·⁴comm11nes‚habebant
1199 3284 1202 3289 ·

118 3336 295 3407 peteretque
313 3320 410 3398 filius,
430 3341 486 3405 pro
506 3320 672 3384 rationibus
687 3320 834 3384 ,Canonis
852 3330 1060 3397 astronomici.
1074 3330 1141 3393 atri,
1167 3327 1169 3332 ¹

118 3420 173 3463 mus
188 3426 282 3469 annus
303 3425 367 3469 erat
390 3406 640 3488 Nabonassareus
664 3402 737 3483 4⁶⁴4·
764 3406 826 3468 Hic
850 3410 1016 3491 eritpatris
1046 3430 1118 3478 ΧΨ
1131 3462 1141 3493 ,

119 3487 190 3626 quod
206 3490 253 3562 sd,
269 3490 352 3553 illius
370 3489 461 3552 finem
479 3494 654 3572 pertigerit,
681 3486 737 3551 filii
760 3507 862 3552 autem
885 3496 1142 3577 1¹¹⁵,quodante

136 3574 281 3638 nemillius
293 3578 383 3657 regiis
394 3574 496 3639 infulis
506 3572 598 3638 fuerit
604 3574 772 3655 insignitus.
787 3573 951 3651 Secundusu
960 3599 1031 3661 ergo
1044 3603 1142 3657 annus

119 3673 172 3715 erat
191 3658 440 3722 Nabonassareus
465 3658 549 3741 465,
567 3678 665 3741 ¹quern
687 3660 760 3740 quia
787 3674 872 3741 pater
899 3682 961 3722 non
987 3664 1118 3731 absolvit
1133 3714 1144 3743 ,

118 3740 231 3815 proinde
248 3764 345 3813 annos
359 3740 522 3825 plusquam
541 3760 588 3807 xi.
610 3762 766 3823 nunquam
784 3746 812 3804 ei
831 3746 1141 3826 imputari-videtum.

118 3818 211 3885 Potuit
227 3844 326 3891 tamen
347 3824 469 3891 ferend
486 3826 578 3888 finem
598 3825 679 3887 illius
699 3846 859 3908 superesse.
880 3826 928 3901 lta
945 3829 1144 3898 nihilominus

117 3913 226 3978 uterini
245 3912 472 3987 Nabonassarei
486 3910 580 3989 Ι466,
609 3908 695 3985 thoth
710 3931 776 3989 ‘non
797 3908 891 3989 finem
908 3918 1041 3995 attigerit
1060 3960 1070 3991 ,
1090 3922 1143 4003 qui

211 4012 247 4058 ll.
877 4033 880 4044 ¹
