2834 4659
227 320 275 402 48
434 300 695 390 nissunrnrro
724 338 776 389 us
805 330 1070 419 pronutient),

196 501 197 506 ,
225 446 271 511 de
290 444 359 513 vita
374 441 511 543 Graecia
531 466 608 535 pars
627 464 703 511 esse
725 441 856 534 potuit,
877 464 954 533 quae
980 461 1118 513 montes
1139 444 1275 537 imperii
1309 432 1313 439 “

208 537 212 540 ’
227 541 461 625 macedonici,
482 568 762 638 quaquaversum
782 544 938 637 patebat,
953 546 1125 615 conclusit
1138 569 1274 619 omnes.

142 683 150 701 ·-
225 647 391 741 Denique
421 650 505 741 quia
535 668 687 740 utroque
712 648 771 717 illo
801 670 907 763 oppre
934 650 1104 719 recentius
1136 652 1204 721 hoc
1231 634 1298 719 de'
1357 664 1360 675 ·

225 755 349 823 mo'nte
369 752 468 821 Pelio
488 751 724 848 fragmentum
744 774 865 821 sumus
886 752 1077 843 probaturi.

225 991 247 1043 ς,
266 975 335 1037 Xlll.
356 929 461 1036 Montes
473 965 594 1036 emensos
606 973 646 1035 est
656 929 832 1035 Dicaearchus
842 979 892 1035 sul>
903 948 1028 1059 Philippo
1038 980 1147 1037 Aridaeo
1158 981 1277 1040 Alexan
1309 962 1312 967 ¹

262 1054 306 1111 dri
318 1056 358 1113 M.
371 1049 454 1113 fratre
465 1071 492 1113 et
508 1054 663 1117 Alexandro
673 1053 796 1109 Roxanes
812 1074 845 1109 ex
862 1055 960 1113 eodem
978 1056 1133 1112 Alexandro
1150 1056 1191 1114 M.
1208 1057 1275 1123 filio.

153 1127 156 1134 ’
260 1130 378 1220 froinde
399 1134 469 1187 inter
484 1130 592 1207 olymp·
606 1137 691 1196 cxlv3
704 1152 736 1196 2,
762 1127 888 1211 affectum
902 1145 929 1187 et
942 1130 1046 1209 olymp.
1062 1145 1142 1201 cxv,
1153 1144 1182 1205 4.
1199 1129 1277 1199 Quid

229 1211 234 1240 '·
258 1230 320 1287 opor
338 1218 366 1270 in
383 1214 566 1291 Peloponneso
585 1203 790 1285 mwuttptt‘m
809 1217 958 1291 praestiterit
970 1214 1153 1273 Dicaearchus.
1160 1216 1278 1297 lpsepri-

264 1310 339 1359 mus,
353 1306 382 1346 ut
390 1290 512 1357 videtur,
526 1304 622 1345 auctor
633 1290 845 1368 Chorographiae
856 1290 1092 1369 Peloponnesiacae.

278 1485 432 1577 Proinde
449 1488 516 1571 jam
535 1488 578 1555 ad
596 1505 734 1579 tempus
751 1486 860 1569 illius,
877 1510 948 1579 qua
965 1488 1063 1567 licet,
1079 1490 1276 1561 eruendum

164 1617 169 1624 ·
225 1594 295 1680 jam
316 1581 545 1685 accingimur.
563 1590 662 1659 Prius
675 1608 791 1659 autem
806 1592 849 1658 de
868 1588 1025 1683 tempore
1041 1614 1114 1681 quo
1135 1608 1274 1661 montes

226 1717 390 1763 emensus
408 1711 460 1761 est
477 1692 717 1775 Dicaearchus,
737 1696 926 1789 agendum.
952 1694 1046 1763 Tum
1073 1693 1202 1762 deinde
1231 1696 1275 1762 ad

226 1798 344 1891 scripti
359 1815 503 1890 tempus,
515 1798 825 1893 progrediendum.
842 1798 1000 1890 Tempus
1015 1820 1088 1890 quo
1101 1797 1275 1866 montium

222 1900 482 1969 rneriendorum
493 1924 576 1970 cura
585 1900 786 1970 Dicaearcho
803 1903 1011 1969 demandata
1022 1913 1091 1984 est',
1109 1901 1274 1994 indicavit

226 2004 398 2097 superiori
410 2004 491 2073 loco
506 2003 662 2087 Plinius,
687 2028 767 2073 cum
782 2005 882 2073 tradit
900 2028 1023 2100 regum
1043 2028 1124 2079 cura
1141 2006 1209 2073 hoc
1229 2004 1275 2073 ab

227 2108 287 2176 illo
306 2131 382 2177 esse
402 2126 593 2199 peractum.
609 2108 715 2177 Erant
731 2132 817 2205 ergo
842 2126 915 2177 tum
935 2130 1035 2203 reges
1057 2108 1186 2200 quibus
1210 2130 1274 2199 pa-

226 2212 351 2281 rebant
362 2212 524 2309 regiones
538 2212 603 2284 illae
616 2218 764 2304 quarum
779 2222 916 2280 montes
931 2211 1114 2303 descripsit
1125 2210 1277 2279 Dicaear-

227 2317 325 2385 chus.
338 2314 477 2408 Nempe
489 2316 604 2409 plures
618 2339 705 2385 uno.
722 2314 818 2387 Nunr
835 2338 920 2411 ergo
936 2314 1156 2411 Antigonum
1175 2314 1276 2382 intel·
1293 2348 1295 2351 ·
1398 2302 1399 2341 ³

120 2455 124 2461 ·
226 2419 309 2489 lexit
332 2416 516 2511 filiumque
542 2402 641 2488 illiusx
655 2418 875 2491 Demetrium
901 2418 1157 2488 Poliorcetem!
1194 2416 1274 2486 Hos

207 2514 322 2591 'erum
336 2510 585 2615 posttrictorias
594 2522 763 2592 Demetrii
778 2520 923 2614 Cyprias
938 2523 975 2590 in
984 2522 1207 2591 Ptolemaeum
1221 2521 1275 2589 sui

226 2650 327 2721 reges
340 2626 550 2707 salutarunt,
567 2628 666 2716 quod
680 2626 810 2718 olymp.
826 2644 977 2710 exvltt,
995 2649 1014 2693 2
1028 2676 1038 2714 ,
1054 2624 1182 2695 factum
1196 2646 1276 2693 nar·

226 2746 279 2801 rat
299 2727 490 2797 Diodorus.
509 2727 646 2820 quue,
670 2752 749 2796 cum
772 2748 806 2798 et
830 2730 886 2799 alii
907 2729 1092 2799 Alexandri
1114 2745 1275 2821 satrapae,

227 2832 367 2901 illorum
382 2830 565 2930 exemplo,
581 2831 753 2916 facerent,
777 2833 962 2902 contemsit
976 2852 1113 2917 tamen,
1141 2830 1276 2899 Plutar-

167 2991 170 2994 .
227 2937 294 3004 cho
311 2952 416 3014 teste,
429 2936 648 3018 Demetrius,
664 2955 704 3005 ut
715 2952 835 3029 praeter
843 2960 884 3005 se
903 2950 1107 3029 patremque
1126 2934 1277 3030 Antigo-

227 3062 328 3121 num,
345 3040 449 3111 alium
462 3062 527 3131 pro
538 3062 622 3135 rege
633 3038 1049 3110 neminemhaberet.Sed
1061 3037 1187 3132 Σωτῆρας
1194 3040 1277 3121 hos,

168 3138 195 3210 ”.
227 3144 470 3235 potiusquam
496 3166 623 3240 reges,
647 3146 871 3237 appellabant
892 3144 1149 3223 Athenienses,
1180 3144 1279 3234 apud

227 3245 320 3338 quos
330 3247 527 3316 versabatur
537 3248 798 3340 condiscipulus
807 3247 1280 3339 DicaearchiTheophrastus.

228 3348 274 3418 Et
289 3372 334 3417 ne
352 3351 494 3442 quidem
510 3347 649 3419 Graeciae
668 3352 854 3444 imperium
874 3351 1059 3444 plusquam
1082 3348 1280 3443 precarium

228 3452 406 3547 habebant
419 3456 503 3522 dum
522 3474 719 3547 superesset
733 3455 948 3551 Antigonus.
965 3453 1090 3525 Postea
1106 3455 1143 3521 in
1161 3452 1283 3521 Mace·

228 3557 337 3626 donia
350 3558 519 3652 regnabat
532 3557 753 3639 Demetrius,
777 3562 838 3627 sed
850 3559 963 3639 solus,
980 3558 1085 3649 etqui
1098 3556 1280 3625 neminem

153 3691 156 3699 ·
229 3660 417 3731 haberetin
426 3684 536 3758 regno
546 3661 928 3758 collegam‚quiposset
940 3661 1084 3754 implere
1093 3679 1282 3729 numerum

229 3764 287 3832 vel
302 3764 488 3840 binarium.
511 3765 589 3835 Nec
610 3766 672 3864 ulli
695 3783 793 3835 erant
813 3766 980 3858 deinceps
1002 3765 1039 3832 in
1063 3762 1285 3833 *Macedonia
1398 3752 1399 3755 ¹

230 3890 331 3962 reges
350 3892 425 3935 uno
442 3870 577 3963 plures,
604 3887 700 3938 aetate
715 3870 917 3949 Dicaearchi,
943 3892 1094 3960 quorum
1111 3866 1285 3959 auspiciis
