2834 4659
406 396 451 449 us
479 394 680 447 scxssrrum
709 396 859 451 curuis.
1091 385 1162 483 349

108 503 232 567 lenibus.
253 498 291 562 ln
318 498 428 568 nostris
446 492 487 559 ad
503 517 560 559 uss.
581 514 664 578 203,
684 493 746 643 2635
770 514 802 559 et
819 494 897 579 267,
919 502 1039 580 conieci
1061 501 1164 567 iberes

110 612 159 673 pro
182 602 273 671 gente
295 582 449 667 pelasgica
474 578 579 643 haberi
601 600 698 665 posse.
743 579 783 643 ed
804 602 883 665 aegre
901 581 977 646 illud
998 585 1038 649 de
1061 585 1165 652 Celtis

109 673 225 738 dixeris.
237 669 396 736 Videntur
406 664 505 729 Celtae
518 670 649 729 omnino
659 663 780 728 diversa
788 687 867 748 gens
879 668 993 731 esseab
1006 669 1163 751 iberibus,

110 757 203 821 etalii
222 756 301 818 alios
322 778 339 817 e
358 750 478 815 sedibus
496 749 647 835 expulisse
666 754 730 833 (a).
750 749 841 828 Quid
859 754 951 836 ergo!
979 757 1011 816 iu
1037 775 1161 841 promtu

109 843 246 926 Pelasgos
265 838 383 901 habent
402 839 460 899 uiri
477 834 577 911 docti,
599 835 709 919 quibus
728 834 855 900 Graecos
868 854 986 901 veteres
1000 862 1070 903 cum
1091 865 1163 928 geo-

108 928 183 991 tibus
205 923 355 990 omnibus
370 920 557 1007 quibuslibet
577 940 615 983 ex
633 924 788 1005 principio
811 927 1012 1007 conjungant.
1036 928 1082 989 At
1101 949 1161 1011 ego
1217 990 1224 997 ,

109 1013 181 1076 hanc
191 1008 428 1089 similitudinem
443 1028 677 1091 morum‚quam
689 1004 835 1090 praedicat
849 1005 1017 1090 Scymnus,
1030 1030 1160 1077 autnon

109 1102 147 1162 ita
165 1120 268 1160 veram
288 1116 353 1157 esse
373 1096 525 1179 suspicor.
544 1108 597 1153 aut
615 1090 723 1155 saltem
744 1094 892 1176 respicere
912 1094 953 1155 ad
970 1114 1092 1159 aetatem
1112 1122 1161 1161 re·

110 1185 291 1256 centiosenr,
313 1197 344 1242 et
368 1178 407 1241 ad
432 1177 563 1263 populos
585 1180 639 1261 qui
664 1197 735 1238 cum
759 1175 876 1240 Graecis
896 1200 952 1263 per
970 1180 1109 1245 colonias
1130 1202 1162 1249 et

110 1270 291 1331 commercia
310 1268 397 1329 mixti
419 1264 550 1327 fuerant.
576 1262 662 1324 Nam
685 1260 1102 1343 Phocensesmassilienses,
1128 1290 1161 1334 et

110 1352 220 1435 Pelasgi
239 1354 340 1413 asiani
359 1372 428 1413 cum
444 1346 614 1431 Tyrrhenis
626 1350 714 1410 mixti
724 1346 908 1429 (b),-sorsan
920 1348 967 1413 his
985 1354 1162 1435 regionibus

105 1436 219 1523 aliquid
234 1456 402 1520 graecasum
426 1437 537 1497 artium
555 1448 587 1495 et
606 1453 727 1495 morum
744 1431 931 1497 adtulerunt.
952 1434 1006 1499 Sic
1028 1436 1160 1515 Strabo,

108 1544 169 1606 pag.
188 1542 270 1603 271,
288 1520 343 1595 D,
366 1519 504 1604 depingit
520 1516 727 1581 Massilienses
740 1521 850 1583 vicinis
866 1541 965 1583 mores
983 1526 1083 1586 avitos
1103 1542 1161 1587 tra-

106 1606 229 1672 dentes:
249 1600 398 1686 miano
415 1600 450 1665 rui
464 1600 584 1679 duma,
600 1590 888 1669 incommissas.
904 1603 968 1669 Sed
985 1630 1048 1671 non
1065 1608 1158 1693 proli·

104 1697 223 1757 ciscitur
242 1690 311 1753 haec
330 1687 501 1752 similitudo
522 1710 541 1749 a
556 1691 650 1771 stirpe
668 1692 839 1751 communi.
1148 1763 1151 1770 ἱ

147 1779 198 1843 Vs.
223 1775 293 1839 188.
315 1772 405 1840 arins
420 1774 534 1856 βόρειος.
548 1822 556 1839 .
570 1822 577 1837 .
592 1768 685 1858 ridenti
702 1774 791 1859 arrisu]
804 1772 926 1861 Calpen
943 1778 1103 1861 intelligit,
1116 1778 1162 1843 al·-

105 1880 194 1925 teram
211 1860 360 1925 Herculis
368 1859 553 1922 'columnam
576 1856 616 1920 ad
634 1860 792 1945 Europam
810 1863 918 1940 sitam,
935 1861 1078 1949 adeoque
1099 1864 1158 1929 bo·

108 1946 210 2011 realem
229 1975 238 2011 r
259 1969 333 2009 cum
344 1991 353 2021 ‚
375 1966 443 2028 quae
460 1943 500 2005 ad
519 1940 655 2007 Africam
672 1948 732 2007 sita
751 1962 813 2017 est,
832 1948 872 2008 sit
887 1946 1037 2011 australis.
1056 1950 1161 2015 Plinio

108 2032 153 2094 lib.
175 2052 205 2110 1,
222 2054 250 2097 c.
276 2054 304 2119 5,
326 2030 514 2117 Calpemons
525 2028 681 2135 proruitur
694 2028 818 2092 dicitur.
835 2029 968 2097 Ptolem.
981 2032 1003 2096 l.
1018 2052 1064 2110 11,
1085 2059 1112 2100 c.
1127 2045 1159 2119 4.

107 2113 197 2183 itinn
215 2106 287 2198 ipyc
302 2117 325 2205 ᾖ
341 2113 405 2182 rius
425 2116 472 2185 nir
486 2114 556 2184 bne
571 2115 716 2182 iudane.
741 2116 931 2200 Vindingius.
1054 2136 1060 2144 ·

145 2200 305 2279 Graviter,
325 2204 358 2263 ni
379 2198 468 2263 fallor
481 2216 623 2283 egomet,
638 2198 844 2264 hallucinatur
863 2200 1061 2285 Vindingius.
1080 2205 1160 2269 Haec

108 2286 164 2355 sian
182 2308 226 2353 est
241 2286 374 2373 Alpium
396 2302 525 2355 tractus,
541 2307 633 2370 quem
651 2280 749 2365 βόρειον
761 2285 840 2349 dicit
856 2284 966 2350 latiore
976 2310 1076 2351 sensu.
1086 2289 1159 2353 lam

108 2370 282 2438 Herodotus
303 2388 352 2448 11,
371 2388 406 2455 33
423 2396 430 2432 :
443 2359 557 2451 ’'lrlepr
570 2397 595 2433 ss
605 2371 657 2453 >cip
674 2366 954 2519 municip}a'purrc
963 2373 1000 2435 sir.
1013 2378 1124 2437 Kensris
1137 2373 1159 2463 {t}

108 2455 347 2539 ssuprirncmlnrrc..
360 2506 368 2520 .
387 2455 441 2518 Sic
451 2457 554 2519 noster
561 2478 605 2519 vs.
618 2463 678 2540 194
692 2482 700 2519 s
712 2453 819 2537 λέγω
858 2452 987 2523 'sirim
999 2455 1038 2521 sir
1051 2454 1160 2538 'lrlvr

112 2539 183 2630 cippis
200 2541 354 2624 reperirer
370 2538 551 2624 utrumne.
569 2542 666 2624 AEgre
694 2540 880 2605 crediderim
898 2564 970 2605 cum
984 2547 1052 2608 viro
1073 2544 1159 2611 doct.

110 2629 283 2695 Muliebrun
299 2628 363 2711 (c),
376 2624 559 2711 respondere
575 2624 686 2689 Istrum
708 2624 865 2690 Herodoti
888 2626 964 2691 fluv.
981 2627 1055 2695 bod.
1072 2632 1159 2711 Saue,

107 2730 135 2775 et
150 2712 248 2778 fontes
270 2713 355 2777 illius
370 2710 571 2776 collocandos
582 2717 667 2791 juxta
685 2729 825 2774 montem
845 2712 982 2777 Terklou.
1001 2713 1054 2778 Sic
1071 2739 1160 2779 mons

108 2797 153 2861 ille
172 2800 253 2865 foret
274 2799 342 2861 haec
359 2790 428 2865 τέλη
445 2794 546 2878 βόρειος
566 2794 708 2879 Scymni.
726 2796 879 2861 Disertius
897 2798 1084 2863 Danubium
1102 2800 1160 2867 de-

105 2886 198 2966 pinxit
210 2882 414 2959 Herodotus,
425 2904 519 2966 quam
530 2899 565 2946 ut
575 2882 614 2945 de
626 2880 688 2945 alio
700 2880 788 2944 illurn
800 2882 886 2967 loqui
897 2882 1067 2949 credamus.
1079 2886 1159 2951 Haec

107 2964 519 3075 sr'audo'paurnostri,confi1se
528 2965 841 3053 respondetsllpr'bus,
851 2972 948 3030 immo
955 2987 987 3033 et
998 2974 1159 3056 Pyrerraeiss

108 3074 171 3116 uam
182 3052 280 3135 ineps,
293 3078 361 3141 quoe
374 3056 404 3117 io
417 3048 584 3133 subumidi}
594 3045 713 3135 sinape
719 3054 863 3139 pertingit
871 3100 884 3131 ,
895 3052 1018 3117 videtur
1029 3060 1060 3119 in
1073 3080 1161 3121 ocea-

106 3160 173 3204 num
187 3139 385 3204 Atlanticum
396 3134 599 3211 descendere,
616 3142 818 3222 potiusquam
830 3137 1016 3224 respondere
1028 3142 1161 3227 Alpibus

107 3230 259 3290 maritimis
277 3229 312 3288 in
328 3222 584 3288 mediterraneum
596 3244 679 3285 mare
692 3221 913 3287 desinentibus.
930 3223 1162 3293 Muliebrrrrrius

106 3312 143 3373 sic
155 3309 174 3373 Ι.
186 3335 214 3376 c.
225 3337 234 3373 ε
246 3314 305 3375 Les
311 3311 434 3395 periples
448 3306 584 3395 celsiques
594 3310 768 3395 occupaient
783 3306 815 3371 lo
825 3310 931 3373 chaine
939 3313 989 3373 des
998 3312 1112 3412 Alpes,
1133 3330 1163 3377 et

103 3394 127 3456 le
140 3419 208 3460 rrum
229 3400 267 3459 de
288 3392 524 3471 PYRE‘NEES,
542 3396 769 3473 correspondent
788 3415 849 3457 aux
871 3418 957 3459 noms
979 3396 1116 3481 celesques
1132 3418 1163 3463 et

101 3486 304 3568 gerrnuniqrres
320 3480 518 3545 BRENNER
529 3498 557 3543 et
570 3474 986 3567 F11iMER,e'taitapplique'
1000 3480 1021 3545 ri
1037 3500 1105 3545 tous
1121 3483 1163 3546 les

99 3566 375 3649 picscolossatrx...
395 3564 448 3628 Cf.
462 3564 611 3627 Hoelzlin.
627 3567 669 3628 ad
680 3564 788 3651 Apoll.
804 3566 866 3629 Ru.
880 3582 933 3641 lv,
946 3564 1027 3642 286,
1042 3590 1073 3652 p.
1087 3576 1161 3651 294.

142 3650 195 3714 Vs.
209 3647 438 3737 mansissem.
453 3698 460 3711 .
474 3639 619 3738 dispersu]
630 3649 860 3715 Redundantiae
868 3672 982 3734 genus,
994 3670 1027 3715 ut
1035 3674 1079 3715 vs.
1087 3654 1162 3731 482,

103 3730 279 3803 roroiniruorr.
294 3786 324 3801 ..
348 3736 478 3825 ε’χόμνοι.

128 3848 161 3902 (a)
175 3850 200 3891 ln
210 3860 256 3892 not.
269 3860 343 3890 samen
359 3848 386 3889 ad
403 3848 482 3904 seylae.
499 3858 545 3903 pag.
557 3859 612 3901 554,
652 3846 757 3888 Graeciam
772 3847 868 3890 deduxit.

83 3918 84 3927 ¹
104 3903 159 3956 filu,
185 3908 272 3951 laudari
288 3907 459 3961 dissertatioqenr
475 3903 593 3959 quamdam
609 3928 616 3953 ,
680 3903 715 3958 (b)
728 3904 766 3947 Cf.
780 3917 845 3948 nostr.
855 3906 882 3947 ad
892 3919 922 3950 vs.
930 3904 980 3949 216.

103 3962 160 4015 cujus
170 3975 247 4007 auctor
267 3977 294 4005 ex
308 3962 393 4005 Celtica
404 3962 499 4005 colonias
513 3968 533 4000 et
549 3960 616 4001 multa
681 3962 714 4013 (c)
727 3960 819 4003 Histoire
836 3962 860 4003 de
874 3964 894 4003 la
908 3962 1047 4017 geographie,
1072 3971 1122 4005 rom.
1140 3962 1167 4012 l,

103 4030 146 4071 quse
155 4022 185 4067 ,ad
200 4034 272 4063 mores
288 4022 409 4075 pertinent,
422 4021 447 4060 in
464 4018 547 4060 ltaliam
556 4024 578 4057 ct
592 4018 616 4057 in
653 4030 700 4070 pag.
713 4031 753 4071 51,
769 4030 804 4072 5²·
