2834 4659
498 342 561 409 ua'
581 352 824 408 sramasuo.
858 348 876 364 ··
1051 301 1054 320 ¹
1112 334 1183 430 425

131 458 361 543 Strabonem,
374 460 592 553 autdeniq'ue
603 459 695 529 illius
704 481 837 529 nomen
847 458 1028 527 excidisse:
1039 458 1118 557 Ego
1129 484 1190 553 po·
1227 470 1230 475 '

131 566 200 633 tius
217 564 412 657 suspicatus
427 561 552 632 fuerim
569 564 811 647 Ptolemaeum,
826 563 950 655 pariter
963 586 1003 629 ac
1015 560 1187 643 Plinium,

132 668 286 737 civitates
302 665 497 737 vel-deictus
508 669 548 735 in
561 666 851 759 descriptionibus
861 664 1056 759 amplexum
1068 664 1187 753 fuisse,

132 787 257 862 utpote
275 771 423 861 antiqua:
443 772 590 840 materiae
606 773 955 865 sapiusexcerptores,
974 791 1080 861 quam
1099 766 1190 840 Stra·

135 874 222 943 boni
240 891 370 943 tantam
389 873 551 943 lacunam
571 874 792 967 exprobrare
1138 940 1142 948 .

188 986 216 1061 ς.
236 976 332 1045 xlv.
351 976 517 1067 Ejusdem
534 1002 674 1075 genens
685 994 932 1081 argumentum
946 976 1071 1044 iterum
1085 976 1192 1045 sumit

139 1066 351 1149 Mannertus
377 1080 447 1149 loc
469 1082 527 1151 cit.
544 1098 608 1163 vt,
628 1098 679 1164 ιι,
709 1080 799 1172 134,
823 1104 867 1151 ex
883 1091 927 1149 eo
948 1082 1048 1171 quod
1061 1097 1192 1163 noster,
1239 1104 1242 1110 ’
1267 1107 1272 1111 ·

137 1192 167 1265 s.
190 1180 290 1265 204,
310 1180 497 1303 Corycum,
526 1204 566 1255 ut
588 1204 738 1254 coaevam
756 1182 929 1255 civitatem
951 1185 996 1251 ad
1013 1183 1191 1251 meridiem

41 1351 43 1360 r
136 1284 292 1357 Phaselis
321 1288 478 1380 posuerit
492 1290 607 1369 ,dum
625 1284 932 1359 sileat-Strabo'de
949 1284 1110 1377 Coryco,
1135 1304 1193 1355 ut-

135 1408 222 1481 pote
250 1390 482 1463 tuncforaan
505 1392 599 1461 haud
624 1392 693 1483 jam
719 1390 852 1477 stante,
884 1407 919 1460 et
939 1388 1053 1459 deleta
1075 1412 1095 1458 a
1116 1386 1194 1458 Ser-

136 1492 222 1562 vilio
246 1492 400 1563 Isaurico
426 1493 493 1585 (cf.
519 1494 664 1590 Eutrop.
682 1514 724 1567 vr
733 1514 748 1580 ‚¹
775 1516 793 1588 3
816 1495 841 1580 >a
864 1492 932 1563 Sed
952 1492 1058 1585 obiici
1077 1510 1195 1586 potest

136 1597 311 1689 primum,
327 1598 418 1667 hanc
435 1596 611 1690 Corycum
622 1622 702 1669 *non
715 1590 803 1669 πὸλιι
812 1600 914 1691 apud
926 1615 1085 1667 nostrum
1104 1618 1195 1663 nun-

138 1702 260 1793 cupari
277 1727 285 1780 ;
309 1717 343 1770 at
358 1702 589 1772 recteurbem
606 1702 843 1773 subintellexit
856 1702 1064 1771 Mannertus
1081 1726 1092 1769 ι
1111 1720 1192 1767 nam

138 1806 214 1872 non
227 1803 317 1873 solet
328 1802 539 1876 Stadiasmus
554 1808 622 1876 hoc
636 1808 674 1876 in
686 1806 788 1877 {itote
805 1805 1007 1877 nominibus
1018 1802 1193 1873 civitatum

139 1906 397 1999 adpetitionem
412 1901 511 1985 'nitra
527 1908 704 2009 adfigere,
727 1905 811 1980 dum
834 1908 951 1980 fluviis
973 1924 1007 1977 et
1029 1904 1198 2002 promonss

140 2010 238 2081 toriis
253 2034 355 2081 auum
370 2014 500 2105 cuique
517 2014 656 2083 titulum
672 2012 807 2091 tribuia·
819 2012 962 2082 Rectius
978 2012 1122 2103 quidem
1134 2010 1197 2080 ob-

141 2114 231 2207 poni
252 2138 358 2209 posse
383 2117 543 2201 videtur,
572 2114 645 2189 vei·
656 2117 694 2187 in
722 2134 903 2213 posterum
922 2114 1100 2207 Corycum
1124 2130 1216 2217 ste·⁵

143 2218 227 2287 tisae
240 2267 250 2300 ,
273 2220 374 2290 Curta
392 2220 640 2293 recentioribus
649 2222 785 2293 ¹dictam
799 2239 834 2292 et
846 2222 942 2314 apud
956 2218 1198 2305 Froissardum

142 2323 309 2390 nostrum
318 2322 470 2406 laudari,
486 2341 663 2418 tamquam
680 2324 857 2415 fidelibus
871 2322 996 2394 Crucis
1010 2320 1195 2391 addictam.

141 2420 211 2493 Sed
228 2427 316 2518 quid
331 2444 425 2497 vetat
434 2420 606 2521 suspicari
623 2426 802 2523 Corycum
816 2428 965 2497 deletam
978 2424 1085 2512 fuisse
1107 2421 1197 2493 Stra·

143 2526 258 2597 bonis·
270 2547 385 2615 aetate,
408 2549 442 2600 et
459 2555 546 2601 mox
565 2530 803 2610 reaedificatam
818 2541 827 2601 t
853 2531 905 2602 Ut
923 2547 970 2601 ut
984 2547 1059 2614 est,
1080 2528 1198 2600 laudat

141 2648 264 2701 noster
272 2634 446 2703 civitatem
454 2633 614 2706 Straboni
623 2630 883 2733 praetermissam
891 2688 901 2720 ‚
915 2653 950 2705 et
961 2633 1063 2706 uobis
1075 2633 1197 2701 suadet

140 2752 329 2807 contextus
347 2741 616 2835 geographicas,
639 2740 786 2811 uttttud
799 2744 843 2809 ad
863 2734 1021 2834 t'empora
1035 2734 1197 2807 Straboni

142 2840 339 2921 anteriora,
371 2843 487 2933 potius
513 2866 624 2935 quarn.
643 2841 861 2938 posteriora,
887 2838 1059 2936 respicere
1086 2840 1198 2932 conji·
1238 2920 1246 2941 ι

140 2942 289 3013 ciamus.
307 2943 462 3015 -Vide
473 2947 618 3043 insuper
631 2967 748 3019 nostra
759 2949 801 3017 ad
811 2957 855 3030 ὃς.
874 2945 937 3016 161
960 2954 994 3014 et
1012 2942 1094 3027 164.

198 3055 227 3129 S·
251 3046 332 3115 XV.
358 3046 557 3143 Subpetunt
583 3050 686 3123 etiam
712 3051 863 3136 indicia,
889 3047 1015 3143 quibus
1042 3046 1198 3117 innuitur

141 3150 341 3245 genuinam
358 3152 454 3222 hanc'
469 3178 677 3253 compagem
691 3154 980 3253 geographicam,
998 3176 1113 3245 neque
1127 3150 1199 3219 lto:

142 3274 333 3355 manorum
351 3257 459 3353 gratia
478 3308 487 3341 ,
514 3282 628 3353 neque
646 3258 713 3329 iliis
726 3282 789 3353 per
800 3276 912 3329 totum
926 3257 1045 3328 orbem
1057 3255 1125 3325 late
1137 3255 1199 3323 im'·
1231 3266 1233 3268 ’

108 3374 111 3383 ’
140 3356 374 3447 peritantibus
391 3362 622 3457 conscriptam
640 3362 966 3441 firisse.'Nuntiabat
982 3376 1103 3431 auctor
1118 3356 1200 3429 Pro

140 3458 223 3553 logi
235 3483 272 3529 se
286 3462 397 3554 Libyae
409 3460 508 3535 litora
522 3467 567 3536 ab
578 3466 788 3538 Alexandria
799 3470 842 3537 ad
852 3465 1047 3536 Columnas
1061 3462 1199 3532 silentio

140 3566 500 3655 praetennissurum:
508 3594 576 3641 en
602 3572 729 3641 horum
756 3568 896 3640 litorum
930 3569 1199 3660 descriptionem

141 3666 243 3735 baud
274 3690 444 3761 speratam
468 3675 697 3765 reperimus:
730 3693 764 3743 at
786 3672 844 3743 itta
873 3672 997 3767 procul
1025 3669 1134 3739 dubio
1155 3668 1200 3736 ab

141 3768 262 3839 atiena
274 3795 380 3843 manu
393 3773 640 3869 proficiscitur,
653 3801 726 3847 nec
733 3802 816 3847 veto
829 3801 872 3846 ex
883 3794 1025 3846 auctore
1037 3760 1200 3869 Prologi,

68 3885 74 3894 ’
141 3888 266 3977 neque
288 3899 332 3949 ex
346 3881 504 3979 genuino
524 3904 670 3977 opere,
666 3884 769 3953 unde
785 3899 905 3954 auctor
918 3878 1125 3957 christianus
1138 3898 1203 3947 sua
1235 3897 1238 3906 ’
