<?xml version="1.0" encoding="UTF-8"?>
<!DOCTYPE html PUBLIC "-//W3C//DTD XHTML 1.0 Transitional//EN"
    "http://www.w3.org/TR/xhtml1/DTD/xhtml1-transitional.dtd">
<html xmlns="http://www.w3.org/1999/xhtml" xml:lang="en" lang="en">
 <head>
  <title>
</title>
<meta http-equiv="Content-Type" content="text/html;charset=utf-8" />
  <meta name='ocr-system' content='tesseract 3.04.00' />
  <meta name='ocr-capabilities' content='ocr_page ocr_carea ocr_par ocr_line ocrx_word'/>
</head>
<body>
  <div class='ocr_page' id='page_1' title='image "./geographigraeci00arrigoog_0584.png"; bbox 0 0 2834 4659; ppageno 0'>
   <div class='ocr_carea' id='block_1_1' title="bbox 208 258 884 359">
    <p class='ocr_par' dir='ltr' id='par_1_1' title="bbox 208 258 884 359">
     <span class='ocr_line' id='line_1_1' title="bbox 208 258 884 359; baseline 0.004 -28"><span class='ocrx_word' id='word_1_1' title='bbox 208 290 280 359; x_wconf 77' lang='lat'>§52</span> <span class='ocrx_word' id='word_1_2' title='bbox 371 286 375 291; x_wconf 63' lang='grc'><strong><em>’</em></strong></span> <span class='ocrx_word' id='word_1_3' title='bbox 567 258 884 337; x_wconf 73' lang='lat' dir='ltr'>nouorrrrouas</span> 
     </span>
    </p>
   </div>
   <div class='ocr_carea' id='block_1_2' title="bbox 203 374 1253 551">
    <p class='ocr_par' dir='ltr' id='par_1_2' title="bbox 203 374 1253 551">
     <span class='ocr_line' id='line_1_2' title="bbox 242 374 1253 465; baseline 0.001 -20"><span class='ocrx_word' id='word_1_4' title='bbox 242 374 449 460; x_wconf 59' lang='lat' dir='ltr'>hipoodinddla&#39;</span> <span class='ocrx_word' id='word_1_5' title='bbox 467 381 479 465; x_wconf 93' lang='lat'><strong>]</strong></span> <span class='ocrx_word' id='word_1_6' title='bbox 494 378 672 456; x_wconf 83' lang='lat' dir='ltr'>Quaerenda</span> <span class='ocrx_word' id='word_1_7' title='bbox 694 382 760 446; x_wconf 84' lang='lat' dir='ltr'>haec</span> <span class='ocrx_word' id='word_1_8' title='bbox 777 381 893 465; x_wconf 84' lang='lat' dir='ltr'>insula,</span> <span class='ocrx_word' id='word_1_9' title='bbox 907 383 1008 444; x_wconf 86' lang='lat' dir='ltr'>autin</span> <span class='ocrx_word' id='word_1_10' title='bbox 1019 382 1253 464; x_wconf 80' lang='lat' dir='ltr'>promontorio,</span> 
     </span>
     <span class='ocr_line' id='line_1_3' title="bbox 203 462 1250 551; baseline 0.002 -22"><span class='ocrx_word' id='word_1_11' title='bbox 203 486 257 529; x_wconf 89' lang='lat' dir='ltr'>aut</span> <span class='ocrx_word' id='word_1_12' title='bbox 271 472 356 545; x_wconf 85' lang='lat' dir='ltr'>juxta</span> <span class='ocrx_word' id='word_1_13' title='bbox 370 487 467 548; x_wconf 91' lang='lat' dir='ltr'>prom.</span> <span class='ocrx_word' id='word_1_14' title='bbox 483 462 664 527; x_wconf 91' lang='lat' dir='ltr'>hodiernum</span> <span class='ocrx_word' id='word_1_15' title='bbox 681 467 883 551; x_wconf 77' lang='lat' dir='ltr'>Aphrodisias</span> <span class='ocrx_word' id='word_1_16' title='bbox 890 512 902 542; x_wconf 88' lang='lat'>,</span> <span class='ocrx_word' id='word_1_17' title='bbox 920 468 1058 527; x_wconf 84' lang='lat' dir='ltr'>vicinum</span> <span class='ocrx_word' id='word_1_18' title='bbox 1070 468 1250 550; x_wconf 61' lang='lat' dir='ltr'>prom-Am·</span> 
     </span>
    </p>
   </div>
   <div class='ocr_carea' id='block_1_3' title="bbox 79 548 582 632">
    <p class='ocr_par' dir='ltr' id='par_1_3' title="bbox 79 548 582 632">
     <span class='ocr_line' id='line_1_4' title="bbox 79 548 582 632; baseline -0.006 -18"><span class='ocrx_word' id='word_1_19' title='bbox 79 552 83 557; x_wconf 77' lang='grc'>’</span> <span class='ocrx_word' id='word_1_20' title='bbox 180 568 183 575; x_wconf 88' lang='grc'><strong><em>’</em></strong></span> <span class='ocrx_word' id='word_1_21' title='bbox 204 551 281 613; x_wconf 91' lang='lat' dir='ltr'>lioni</span> <span class='ocrx_word' id='word_1_22' title='bbox 295 550 402 632; x_wconf 85' lang='lat' dir='ltr'>Cypri.</span> <span class='ocrx_word' id='word_1_23' title='bbox 414 548 551 613; x_wconf 80' lang='lat' dir='ltr'>Leukius.</span> <span class='ocrx_word' id='word_1_24' title='bbox 577 608 582 617; x_wconf 84' lang='grc'><em>,</em></span> 
     </span>
    </p>
   </div>
   <div class='ocr_carea' id='block_1_4' title="bbox 157 622 1274 3927">
    <p class='ocr_par' dir='ltr' id='par_1_4' title="bbox 204 622 1257 1222">
     <span class='ocr_line' id='line_1_5' title="bbox 246 622 1254 719; baseline 0.003 -22"><span class='ocrx_word' id='word_1_25' title='bbox 246 636 315 719; x_wconf 85' lang='lat' dir='ltr'>Ego</span> <span class='ocrx_word' id='word_1_26' title='bbox 343 622 720 716; x_wconf 85' lang='lat' dir='ltr'>contraAphrodisiadem</span> <span class='ocrx_word' id='word_1_27' title='bbox 736 653 881 715; x_wconf 86' lang='lat' dir='ltr'>ponerem</span> <span class='ocrx_word' id='word_1_28' title='bbox 898 637 931 695; x_wconf 90' lang='lat' dir='ltr'>in</span> <span class='ocrx_word' id='word_1_29' title='bbox 947 630 1021 695; x_wconf 84' lang='lat' dir='ltr'>hod</span> <span class='ocrx_word' id='word_1_30' title='bbox 1037 652 1126 715; x_wconf 84' lang='lat' dir='ltr'>portu</span> <span class='ocrx_word' id='word_1_31' title='bbox 1150 636 1254 700; x_wconf 72' lang='lat' dir='ltr'>ouva·</span> 
     </span>
     <span class='ocr_line' id='line_1_6' title="bbox 205 715 1252 799; baseline 0 -18"><span class='ocrx_word' id='word_1_32' title='bbox 205 718 273 783; x_wconf 79' lang='lat' dir='ltr'>licre</span> <span class='ocrx_word' id='word_1_33' title='bbox 278 766 290 795; x_wconf 88' lang='lat'>,</span> <span class='ocrx_word' id='word_1_34' title='bbox 307 716 347 781; x_wconf 84' lang='lat' dir='ltr'>ad</span> <span class='ocrx_word' id='word_1_35' title='bbox 368 722 517 780; x_wconf 78' lang='lat' dir='ltr'>orientem</span> <span class='ocrx_word' id='word_1_36' title='bbox 537 738 634 799; x_wconf 81' lang='lat' dir='ltr'>prom.</span> <span class='ocrx_word' id='word_1_37' title='bbox 653 715 814 780; x_wconf 81' lang='lat' dir='ltr'>Cavaliere.</span> <span class='ocrx_word' id='word_1_38' title='bbox 833 716 917 779; x_wconf 92' lang='lat' dir='ltr'>Illud</span> <span class='ocrx_word' id='word_1_39' title='bbox 933 734 1083 799; x_wconf 87' lang='lat' dir='ltr'>poscunt,</span> <span class='ocrx_word' id='word_1_40' title='bbox 1100 737 1169 781; x_wconf 86' lang='lat' dir='ltr'>tum</span> <span class='ocrx_word' id='word_1_41' title='bbox 1188 738 1252 783; x_wconf 78' lang='lat' dir='ltr'>sta·</span> 
     </span>
     <span class='ocr_line' id='line_1_7' title="bbox 204 799 1252 887; baseline 0 -22"><span class='ocrx_word' id='word_1_42' title='bbox 204 802 257 865; x_wconf 91' lang='lat' dir='ltr'>dia</span> <span class='ocrx_word' id='word_1_43' title='bbox 276 811 333 887; x_wconf 81' lang='lat'>45,</span> <span class='ocrx_word' id='word_1_44' title='bbox 357 820 586 883; x_wconf 79' lang='lat' dir='ltr'>quaenumerat</span> <span class='ocrx_word' id='word_1_45' title='bbox 606 817 708 863; x_wconf 90' lang='lat' dir='ltr'>noster</span> <span class='ocrx_word' id='word_1_46' title='bbox 726 823 746 863; x_wconf 90' lang='lat' dir='ltr'>a</span> <span class='ocrx_word' id='word_1_47' title='bbox 764 800 890 885; x_wconf 82' lang='lat' dir='ltr'>Pityusa</span> <span class='ocrx_word' id='word_1_48' title='bbox 908 801 948 863; x_wconf 87' lang='lat' dir='ltr'>ad</span> <span class='ocrx_word' id='word_1_49' title='bbox 972 799 1252 883; x_wconf 80' lang='lat' dir='ltr'>Aphrodisiadem,</span> 
     </span>
     <span class='ocr_line' id='line_1_8' title="bbox 205 884 1253 969; baseline -0.002 -18"><span class='ocrx_word' id='word_1_50' title='bbox 205 906 272 951; x_wconf 89' lang='lat' dir='ltr'>turn</span> <span class='ocrx_word' id='word_1_51' title='bbox 290 891 347 949; x_wconf 86' lang='lat' dir='ltr'>iter</span> <span class='ocrx_word' id='word_1_52' title='bbox 364 885 480 963; x_wconf 87' lang='lat' dir='ltr'>factum</span> <span class='ocrx_word' id='word_1_53' title='bbox 492 908 593 947; x_wconf 86' lang='lat' dir='ltr'>versus</span> <span class='ocrx_word' id='word_1_54' title='bbox 611 884 821 969; x_wconf 89' lang='lat' dir='ltr'>Zephyrium,</span> <span class='ocrx_word' id='word_1_55' title='bbox 834 884 1038 949; x_wconf 78' lang='lat' dir='ltr'>udrinistrum</span> <span class='ocrx_word' id='word_1_56' title='bbox 1047 884 1181 949; x_wconf 74' lang='lat' dir='ltr'>habendo</span> <span class='ocrx_word' id='word_1_57' title='bbox 1192 889 1253 949; x_wconf 78' lang='lat' dir='ltr'>Pi-</span> 
     </span>
     <span class='ocr_line' id='line_1_9' title="bbox 207 967 1257 1053; baseline 0.001 -19"><span class='ocrx_word' id='word_1_58' title='bbox 207 985 219 1033; x_wconf 80' lang='lat' dir='ltr'>t</span> <span class='ocrx_word' id='word_1_59' title='bbox 236 993 330 1033; x_wconf 85' lang='lat' dir='ltr'>usam.</span> <span class='ocrx_word' id='word_1_60' title='bbox 349 970 426 1031; x_wconf 89' lang='lat' dir='ltr'>Haec</span> <span class='ocrx_word' id='word_1_61' title='bbox 440 972 566 1032; x_wconf 88' lang='lat' dir='ltr'>minime</span> <span class='ocrx_word' id='word_1_62' title='bbox 577 967 706 1053; x_wconf 85' lang='lat' dir='ltr'><strong>intelligi</strong></span> <span class='ocrx_word' id='word_1_63' title='bbox 718 987 862 1053; x_wconf 85' lang='lat' dir='ltr'><strong>possunt,</strong></span> <span class='ocrx_word' id='word_1_64' title='bbox 879 974 938 1033; x_wconf 90' lang='lat' dir='ltr'>nisi</span> <span class='ocrx_word' id='word_1_65' title='bbox 948 968 1149 1053; x_wconf 85' lang='lat' dir='ltr'>Aphrodisias</span> <span class='ocrx_word' id='word_1_66' title='bbox 1160 968 1257 1035; x_wconf 79' lang='lat' dir='ltr'>fuerit·</span> 
     </span>
     <span class='ocr_line' id='line_1_10' title="bbox 207 996 1198 1138; baseline 0.001 -21"><span class='ocrx_word' id='word_1_67' title='bbox 207 996 281 1117; x_wconf 51' lang='lat' dir='ltr'>(od.</span> <span class='ocrx_word' id='word_1_68' title='bbox 306 1055 399 1116; x_wconf 82' lang='lat' dir='ltr'>Porto</span> <span class='ocrx_word' id='word_1_69' title='bbox 420 1054 588 1129; x_wconf 81' lang='lat' dir='ltr'>Cavaliere,</span> <span class='ocrx_word' id='word_1_70' title='bbox 611 1071 642 1116; x_wconf 89' lang='lat' dir='ltr'>et</span> <span class='ocrx_word' id='word_1_71' title='bbox 661 1077 734 1117; x_wconf 84' lang='lat' dir='ltr'>mox</span> <span class='ocrx_word' id='word_1_72' title='bbox 752 1075 850 1137; x_wconf 88' lang='lat' dir='ltr'>prom.</span> <span class='ocrx_word' id='word_1_73' title='bbox 866 1054 1055 1138; x_wconf 86' lang='lat' dir='ltr'>Zephyrium</span> <span class='ocrx_word' id='word_1_74' title='bbox 1077 1053 1150 1119; x_wconf 89' lang='lat' dir='ltr'>hod.</span> <span class='ocrx_word' id='word_1_75' title='bbox 1166 1056 1198 1118; x_wconf 89' lang='lat' dir='ltr'><em>C</em></span> 
     </span>
     <span class='ocr_line' id='line_1_11' title="bbox 210 1134 1252 1222; baseline 0 -20"><span class='ocrx_word' id='word_1_76' title='bbox 210 1138 368 1202; x_wconf 78' lang='lat' dir='ltr'>Cavuliere.</span> <span class='ocrx_word' id='word_1_77' title='bbox 382 1174 414 1193; x_wconf 53' lang='grc' dir='ltr'>-ν</span> <span class='ocrx_word' id='word_1_78' title='bbox 427 1138 481 1201; x_wconf 91' lang='lat' dir='ltr'>De</span> <span class='ocrx_word' id='word_1_79' title='bbox 492 1134 718 1221; x_wconf 84' lang='lat' dir='ltr'>Aphrodisiade</span> <span class='ocrx_word' id='word_1_80' title='bbox 738 1138 812 1201; x_wconf 86' lang='lat' dir='ltr'>vide</span> <span class='ocrx_word' id='word_1_81' title='bbox 828 1157 930 1203; x_wconf 85' lang='lat' dir='ltr'>nostra</span> <span class='ocrx_word' id='word_1_82' title='bbox 941 1137 982 1201; x_wconf 83' lang='lat' dir='ltr'>ad</span> <span class='ocrx_word' id='word_1_83' title='bbox 997 1136 1118 1221; x_wconf 85' lang='lat' dir='ltr'>Scylac.</span> <span class='ocrx_word' id='word_1_84' title='bbox 1130 1162 1163 1222; x_wconf 85' lang='lat' dir='ltr'>p.</span> <span class='ocrx_word' id='word_1_85' title='bbox 1177 1149 1201 1218; x_wconf 76' lang='lat'><em>4</em></span> <span class='ocrx_word' id='word_1_86' title='bbox 1221 1138 1252 1202; x_wconf 89' lang='lat'>6.</span> 
     </span>
    </p>

    <p class='ocr_par' dir='ltr' id='par_1_5' title="bbox 255 1219 840 1323">
     <span class='ocr_line' id='line_1_12' title="bbox 255 1219 840 1323; baseline 0.005 -41"><span class='ocrx_word' id='word_1_87' title='bbox 255 1238 322 1302; x_wconf 87' lang='lat'>170.</span> <span class='ocrx_word' id='word_1_88' title='bbox 345 1219 476 1298; x_wconf 52' lang='grc' dir='ltr'>Ζεφύριον</span> <span class='ocrx_word' id='word_1_89' title='bbox 487 1222 570 1323; x_wconf 67' lang='lat' dir='ltr'>LDe</span> <span class='ocrx_word' id='word_1_90' title='bbox 581 1244 644 1305; x_wconf 91' lang='lat' dir='ltr'>quo</span> <span class='ocrx_word' id='word_1_91' title='bbox 657 1220 729 1286; x_wconf 89' lang='lat' dir='ltr'>vide</span> <span class='ocrx_word' id='word_1_92' title='bbox 741 1244 840 1306; x_wconf 84' lang='lat' dir='ltr'>snpra.</span> 
     </span>
    </p>

    <p class='ocr_par' dir='ltr' id='par_1_6' title="bbox 210 1299 1261 1804">
     <span class='ocr_line' id='line_1_13' title="bbox 248 1299 1256 1393; baseline -0.001 -23"><span class='ocrx_word' id='word_1_93' title='bbox 248 1303 317 1370; x_wconf 80' lang='lat' dir='ltr'>&#39;And</span> <span class='ocrx_word' id='word_1_94' title='bbox 329 1303 357 1368; x_wconf 81' lang='lat' dir='ltr'>tii</span> <span class='ocrx_word' id='word_1_95' title='bbox 377 1314 409 1369; x_wconf 87' lang='lat' dir='ltr'>Z.</span> <span class='ocrx_word' id='word_1_96' title='bbox 424 1305 476 1369; x_wconf 71' lang='grc' dir='ltr'>ἐπ’</span> <span class='ocrx_word' id='word_1_97' title='bbox 490 1332 559 1393; x_wconf 69' lang='lat' dir='ltr'>asp.</span> <span class='ocrx_word' id='word_1_98' title='bbox 572 1354 579 1369; x_wconf 89' lang='lat'><strong>.</strong></span> <span class='ocrx_word' id='word_1_99' title='bbox 592 1353 601 1369; x_wconf 87' lang='lat'><strong>.</strong></span> <span class='ocrx_word' id='word_1_100' title='bbox 613 1355 621 1370; x_wconf 94' lang='lat'><em>.</em></span> <span class='ocrx_word' id='word_1_101' title='bbox 639 1299 791 1383; x_wconf 53' lang='lat' dir='ltr'>how...</span> <span class='ocrx_word' id='word_1_102' title='bbox 804 1308 842 1392; x_wconf 38' lang='lat'>2]</span> <span class='ocrx_word' id='word_1_103' title='bbox 857 1306 935 1368; x_wconf 87' lang='lat' dir='ltr'>Haec</span> <span class='ocrx_word' id='word_1_104' title='bbox 945 1306 1154 1378; x_wconf 81' lang='lat' dir='ltr'>videnturesse</span> <span class='ocrx_word' id='word_1_105' title='bbox 1166 1321 1256 1369; x_wconf 77' lang='lat' dir='ltr'>mera</span> 
     </span>
     <span class='ocr_line' id='line_1_14' title="bbox 210 1389 1257 1475; baseline 0.001 -23"><span class='ocrx_word' id='word_1_106' title='bbox 210 1394 350 1475; x_wconf 90' lang='lat' dir='ltr'>repetitio</span> <span class='ocrx_word' id='word_1_107' title='bbox 364 1389 560 1473; x_wconf 84' lang='lat' dir='ltr'>marginalis:</span> <span class='ocrx_word' id='word_1_108' title='bbox 581 1407 612 1451; x_wconf 86' lang='lat' dir='ltr'>at</span> <span class='ocrx_word' id='word_1_109' title='bbox 628 1396 754 1453; x_wconf 85' lang='lat' dir='ltr'>nonita.</span> <span class='ocrx_word' id='word_1_110' title='bbox 771 1391 855 1454; x_wconf 89' lang='lat' dir='ltr'>Nam</span> <span class='ocrx_word' id='word_1_111' title='bbox 867 1414 963 1474; x_wconf 86' lang='lat' dir='ltr'>quum</span> <span class='ocrx_word' id='word_1_112' title='bbox 973 1391 1117 1455; x_wconf 80' lang='lat' dir='ltr'>insideret</span> <span class='ocrx_word' id='word_1_113' title='bbox 1132 1390 1257 1474; x_wconf 84' lang='lat' dir='ltr'>Aphro·</span> 
     </span>
     <span class='ocr_line' id='line_1_15' title="bbox 210 1472 1257 1586; baseline -0.002 -48"><span class='ocrx_word' id='word_1_114' title='bbox 210 1476 301 1539; x_wconf 88' lang='lat' dir='ltr'>disias</span> <span class='ocrx_word' id='word_1_115' title='bbox 315 1472 384 1537; x_wconf 88' lang='lat' dir='ltr'>urbs</span> <span class='ocrx_word' id='word_1_116' title='bbox 397 1479 427 1537; x_wconf 90' lang='lat' dir='ltr'>in</span> <span class='ocrx_word' id='word_1_117' title='bbox 436 1472 548 1586; x_wconf 58' lang='lat' dir='ltr'>lsthmo</span> <span class='ocrx_word' id='word_1_118' title='bbox 583 1473 707 1551; x_wconf 84' lang='lat' dir='ltr'>uodam,</span> <span class='ocrx_word' id='word_1_119' title='bbox 716 1474 799 1538; x_wconf 90' lang='lat' dir='ltr'>illam</span> <span class='ocrx_word' id='word_1_120' title='bbox 808 1475 1095 1559; x_wconf 83' lang='lat' dir='ltr'>adpropinquabant</span> <span class='ocrx_word' id='word_1_121' title='bbox 1101 1480 1257 1559; x_wconf 84' lang='lat' dir='ltr'>utrimque</span> 
     </span>
     <span class='ocr_line' id='line_1_16' title="bbox 211 1496 1258 1643; baseline 0.003 -23"><span class='ocrx_word' id='word_1_122' title='bbox 211 1564 406 1641; x_wconf 85' lang='lat' dir='ltr'>navigantes,</span> <span class='ocrx_word' id='word_1_123' title='bbox 419 1578 450 1623; x_wconf 86' lang='lat' dir='ltr'>et</span> <span class='ocrx_word' id='word_1_124' title='bbox 464 1558 516 1621; x_wconf 91' lang='lat' dir='ltr'>illa</span> <span class='ocrx_word' id='word_1_125' title='bbox 531 1496 637 1621; x_wconf 68' lang='lat' dir='ltr'>rehcta</span> <span class='ocrx_word' id='word_1_126' title='bbox 647 1560 687 1621; x_wconf 84' lang='lat' dir='ltr'>ab</span> <span class='ocrx_word' id='word_1_127' title='bbox 705 1564 824 1623; x_wconf 89' lang='lat' dir='ltr'>oriente</span> <span class='ocrx_word' id='word_1_128' title='bbox 835 1558 876 1621; x_wconf 88' lang='lat' dir='ltr'>ad</span> <span class='ocrx_word' id='word_1_129' title='bbox 891 1559 1067 1637; x_wconf 79' lang='lat' dir='ltr'>meridiem,</span> <span class='ocrx_word' id='word_1_130' title='bbox 1077 1578 1258 1643; x_wconf 81' lang='lat' dir='ltr'>promonto—</span> 
     </span>
     <span class='ocr_line' id='line_1_17' title="bbox 211 1642 1261 1729; baseline 0.003 -25"><span class='ocrx_word' id='word_1_131' title='bbox 211 1648 290 1705; x_wconf 88' lang='lat' dir='ltr'>rium</span> <span class='ocrx_word' id='word_1_132' title='bbox 310 1644 467 1727; x_wconf 83' lang='lat' dir='ltr'>legebant,</span> <span class='ocrx_word' id='word_1_133' title='bbox 487 1660 517 1705; x_wconf 88' lang='lat' dir='ltr'>et</span> <span class='ocrx_word' id='word_1_134' title='bbox 531 1646 640 1706; x_wconf 90' lang='lat' dir='ltr'>iterum</span> <span class='ocrx_word' id='word_1_135' title='bbox 655 1666 673 1705; x_wconf 84' lang='lat' dir='ltr'>a</span> <span class='ocrx_word' id='word_1_136' title='bbox 687 1642 815 1707; x_wconf 90' lang='lat' dir='ltr'>meridie</span> <span class='ocrx_word' id='word_1_137' title='bbox 824 1644 865 1706; x_wconf 86' lang='lat' dir='ltr'>ad</span> <span class='ocrx_word' id='word_1_138' title='bbox 876 1648 1112 1729; x_wconf 79' lang='lat' dir='ltr'>septentrionem</span> <span class='ocrx_word' id='word_1_139' title='bbox 1123 1690 1133 1721; x_wconf 92' lang='lat'>‚</span> <span class='ocrx_word' id='word_1_140' title='bbox 1144 1652 1190 1725; x_wconf 71' lang='lat'>40</span> <span class='ocrx_word' id='word_1_141' title='bbox 1201 1661 1261 1707; x_wconf 78' lang='lat' dir='ltr'>sta·</span> 
     </span>
     <span class='ocr_line' id='line_1_18' title="bbox 212 1726 965 1804; baseline 0 -15"><span class='ocrx_word' id='word_1_142' title='bbox 212 1727 288 1804; x_wconf 86' lang='lat' dir='ltr'>diis,</span> <span class='ocrx_word' id='word_1_143' title='bbox 303 1727 342 1789; x_wconf 90' lang='lat' dir='ltr'>ad</span> <span class='ocrx_word' id='word_1_144' title='bbox 357 1729 433 1791; x_wconf 89' lang='lat' dir='ltr'>latus</span> <span class='ocrx_word' id='word_1_145' title='bbox 446 1727 527 1789; x_wconf 86' lang='lat' dir='ltr'>urbis</span> <span class='ocrx_word' id='word_1_146' title='bbox 545 1726 738 1792; x_wconf 85' lang='lat' dir='ltr'>occidentale</span> <span class='ocrx_word' id='word_1_147' title='bbox 751 1728 965 1791; x_wconf 83' lang='lat' dir='ltr'>deveniebant.</span> 
     </span>
    </p>

    <p class='ocr_par' dir='ltr' id='par_1_7' title="bbox 174 1804 1262 2149">
     <span class='ocr_line' id='line_1_19' title="bbox 174 1804 1260 1897; baseline -0.001 -23"><span class='ocrx_word' id='word_1_148' title='bbox 174 1818 177 1824; x_wconf 91' lang='grc'><strong>’</strong></span> <span class='ocrx_word' id='word_1_149' title='bbox 251 1810 311 1874; x_wconf 78' lang='lat' dir='ltr'>’Eni</span> <span class='ocrx_word' id='word_1_150' title='bbox 333 1808 375 1877; x_wconf 78' lang='lat' dir='ltr'>nh</span> <span class='ocrx_word' id='word_1_151' title='bbox 393 1838 446 1875; x_wconf 74' lang='lat' dir='ltr'>aa.</span> <span class='ocrx_word' id='word_1_152' title='bbox 460 1861 489 1876; x_wconf 87' lang='lat'>..</span> <span class='ocrx_word' id='word_1_153' title='bbox 513 1804 602 1884; x_wconf 70' lang='lat' dir='ltr'>dien,</span> <span class='ocrx_word' id='word_1_154' title='bbox 620 1806 702 1877; x_wconf 65' lang='lat' dir='ltr'>alal.</span> <span class='ocrx_word' id='word_1_155' title='bbox 720 1809 791 1897; x_wconf 77' lang='grc' dir='ltr'>ρκ’]</span> <span class='ocrx_word' id='word_1_156' title='bbox 814 1812 917 1875; x_wconf 85' lang='lat' dir='ltr'>Locus</span> <span class='ocrx_word' id='word_1_157' title='bbox 942 1812 1083 1877; x_wconf 86' lang='lat' dir='ltr'>foedatus.</span> <span class='ocrx_word' id='word_1_158' title='bbox 1100 1812 1260 1893; x_wconf 67' lang='lat' dir='ltr'>§uterum</span> 
     </span>
     <span class='ocr_line' id='line_1_20' title="bbox 214 1895 1262 1981; baseline -0.001 -23"><span class='ocrx_word' id='word_1_159' title='bbox 214 1896 330 1973; x_wconf 88' lang='lat' dir='ltr'>stadia,</span> <span class='ocrx_word' id='word_1_160' title='bbox 347 1919 410 1958; x_wconf 93' lang='lat' dir='ltr'>non</span> <span class='ocrx_word' id='word_1_161' title='bbox 428 1916 503 1971; x_wconf 87' lang='lat'>120,</span> <span class='ocrx_word' id='word_1_162' title='bbox 515 1896 568 1959; x_wconf 83' lang='lat' dir='ltr'>red</span> <span class='ocrx_word' id='word_1_163' title='bbox 587 1896 664 1974; x_wconf 90' lang='lat'>180,</span> <span class='ocrx_word' id='word_1_164' title='bbox 680 1901 809 1981; x_wconf 83' lang='lat' dir='ltr'>reperias</span> <span class='ocrx_word' id='word_1_165' title='bbox 823 1919 844 1958; x_wconf 82' lang='lat' dir='ltr'>a</span> <span class='ocrx_word' id='word_1_166' title='bbox 861 1896 1038 1981; x_wconf 83' lang='lat' dir='ltr'>Sarpedone</span> <span class='ocrx_word' id='word_1_167' title='bbox 1055 1896 1095 1959; x_wconf 88' lang='lat' dir='ltr'>ad</span> <span class='ocrx_word' id='word_1_168' title='bbox 1107 1895 1262 1979; x_wconf 84' lang='lat' dir='ltr'>Aphrodi-</span> 
     </span>
     <span class='ocr_line' id='line_1_21' title="bbox 213 1978 1260 2066; baseline 0 -23"><span class='ocrx_word' id='word_1_169' title='bbox 213 1980 337 2044; x_wconf 84' lang='lat' dir='ltr'>siadem.</span> <span class='ocrx_word' id='word_1_170' title='bbox 355 1982 434 2045; x_wconf 82' lang='lat' dir='ltr'>Mox</span> <span class='ocrx_word' id='word_1_171' title='bbox 450 1978 547 2043; x_wconf 85' lang='lat' dir='ltr'>stadia</span> <span class='ocrx_word' id='word_1_172' title='bbox 575 2000 632 2065; x_wconf 84' lang='lat'>500</span> <span class='ocrx_word' id='word_1_173' title='bbox 653 2001 736 2063; x_wconf 79' lang='lat' dir='ltr'>recte</span> <span class='ocrx_word' id='word_1_174' title='bbox 756 1999 954 2044; x_wconf 86' lang='lat' dir='ltr'>numerantur</span> <span class='ocrx_word' id='word_1_175' title='bbox 975 1982 1015 2045; x_wconf 84' lang='lat' dir='ltr'>ab</span> <span class='ocrx_word' id='word_1_176' title='bbox 1032 1980 1260 2066; x_wconf 75' lang='lat' dir='ltr'>Aphrodisiade</span> 
     </span>
     <span class='ocr_line' id='line_1_22' title="bbox 217 2065 952 2149; baseline 0.003 -22"><span class='ocrx_word' id='word_1_177' title='bbox 217 2066 256 2129; x_wconf 88' lang='lat' dir='ltr'>ad</span> <span class='ocrx_word' id='word_1_178' title='bbox 275 2066 479 2149; x_wconf 91' lang='lat' dir='ltr'>Cyprum.—</span> <span class='ocrx_word' id='word_1_179' title='bbox 499 2065 553 2128; x_wconf 93' lang='lat' dir='ltr'>De</span> <span class='ocrx_word' id='word_1_180' title='bbox 566 2066 698 2149; x_wconf 83' lang='lat' dir='ltr'>Ciphiso</span> <span class='ocrx_word' id='word_1_181' title='bbox 719 2066 810 2129; x_wconf 90' lang='lat' dir='ltr'>silent</span> <span class='ocrx_word' id='word_1_182' title='bbox 829 2073 952 2129; x_wconf 52' lang='lat' dir='ltr'>omnes(</span> 
     </span>
    </p>

    <p class='ocr_par' dir='ltr' id='par_1_8' title="bbox 216 2147 1260 2381">
     <span class='ocr_line' id='line_1_23' title="bbox 263 2147 1260 2233; baseline 0 -23"><span class='ocrx_word' id='word_1_183' title='bbox 263 2170 331 2229; x_wconf 75' lang='lat'>171.</span> <span class='ocrx_word' id='word_1_184' title='bbox 351 2147 419 2213; x_wconf 77' lang='lat' dir='ltr'>’And</span> <span class='ocrx_word' id='word_1_185' title='bbox 437 2148 586 2233; x_wconf 74' lang='lat' dir='ltr'>Minatur]</span> <span class='ocrx_word' id='word_1_186' title='bbox 600 2150 733 2214; x_wconf 89' lang='lat' dir='ltr'>Videtur</span> <span class='ocrx_word' id='word_1_187' title='bbox 749 2151 800 2213; x_wconf 85' lang='lat' dir='ltr'>hic</span> <span class='ocrx_word' id='word_1_188' title='bbox 813 2172 876 2213; x_wconf 86' lang='lat' dir='ltr'>esse</span> <span class='ocrx_word' id='word_1_189' title='bbox 885 2151 997 2228; x_wconf 82' lang='lat' dir='ltr'>fluvius</span> <span class='ocrx_word' id='word_1_190' title='bbox 1013 2150 1198 2226; x_wconf 82' lang='lat' dir='ltr'>hodiernus,</span> <span class='ocrx_word' id='word_1_191' title='bbox 1209 2152 1260 2233; x_wconf 85' lang='lat' dir='ltr'>qui</span> 
     </span>
     <span class='ocr_line' id='line_1_24' title="bbox 216 2234 1260 2379; baseline 0 -83"><span class='ocrx_word' id='word_1_192' title='bbox 216 2240 281 2297; x_wconf 58' lang='lat' dir='ltr'>exit,</span> <span class='ocrx_word' id='word_1_193' title='bbox 301 2238 332 2295; x_wconf 93' lang='lat' dir='ltr'>in</span> <span class='ocrx_word' id='word_1_194' title='bbox 340 2238 493 2379; x_wconf 85' lang='lat' dir='ltr'>6intimam</span> <span class='ocrx_word' id='word_1_195' title='bbox 504 2252 619 2319; x_wconf 83' lang='lat' dir='ltr'>partem</span> <span class='ocrx_word' id='word_1_196' title='bbox 631 2240 714 2299; x_wconf 86' lang='lat' dir='ltr'>sinus</span> <span class='ocrx_word' id='word_1_197' title='bbox 725 2234 897 2322; x_wconf 81' lang='lat' dir='ltr'>Papadula.</span> <span class='ocrx_word' id='word_1_198' title='bbox 913 2272 955 2285; x_wconf 92' lang='lat'><em>-</em></span> <span class='ocrx_word' id='word_1_199' title='bbox 967 2238 1111 2314; x_wconf 77' lang='lat' dir='ltr'>Lealius,</span> <span class='ocrx_word' id='word_1_200' title='bbox 1131 2235 1198 2297; x_wconf 77' lang='lat' dir='ltr'>loe.</span> <span class='ocrx_word' id='word_1_201' title='bbox 1209 2238 1260 2297; x_wconf 86' lang='lat' dir='ltr'>cit.</span> 
     </span>
     <span class='ocr_line' id='line_1_25' title="bbox 277 2332 642 2381; baseline 0.005 -2"><span class='ocrx_word' id='word_1_202' title='bbox 277 2338 337 2381; x_wconf 91' lang='lat'>.20</span> <span class='ocrx_word' id='word_1_203' title='bbox 362 2364 370 2381; x_wconf 91' lang='lat'><strong>.</strong></span> <span class='ocrx_word' id='word_1_204' title='bbox 639 2332 642 2343; x_wconf 80' lang='lat'><strong><em>¹</em></strong></span> 
     </span>
    </p>

    <p class='ocr_par' dir='ltr' id='par_1_9' title="bbox 198 2341 1264 2501">
     <span class='ocr_line' id='line_1_26' title="bbox 198 2341 1264 2501; baseline -0.006 -32"><span class='ocrx_word' id='word_1_205' title='bbox 198 2341 312 2501; x_wconf 47' lang='lat' dir='ltr'>pahtl</span> <span class='ocrx_word' id='word_1_206' title='bbox 322 2407 416 2487; x_wconf 85' lang='lat' dir='ltr'>magis</span> <span class='ocrx_word' id='word_1_207' title='bbox 437 2402 749 2495; x_wconf 82' lang='lat' dir='ltr'>occidentemversus</span> <span class='ocrx_word' id='word_1_208' title='bbox 768 2404 884 2468; x_wconf 88' lang='lat' dir='ltr'>recedit</span> <span class='ocrx_word' id='word_1_209' title='bbox 903 2404 954 2468; x_wconf 88' lang='lat' dir='ltr'>hic</span> <span class='ocrx_word' id='word_1_210' title='bbox 969 2405 1101 2480; x_wconf 82' lang='lat' dir='ltr'>fluvius,</span> <span class='ocrx_word' id='word_1_211' title='bbox 1119 2424 1218 2487; x_wconf 86' lang='lat' dir='ltr'>qnam</span> <span class='ocrx_word' id='word_1_212' title='bbox 1230 2420 1264 2464; x_wconf 88' lang='lat' dir='ltr'>ut</span> 
     </span>
    </p>

    <p class='ocr_par' dir='ltr' id='par_1_10' title="bbox 157 2485 1266 2655">
     <span class='ocr_line' id='line_1_27' title="bbox 157 2485 1266 2571; baseline -0.003 -20"><span class='ocrx_word' id='word_1_213' title='bbox 157 2514 158 2517; x_wconf 43' lang='lat'>¹</span> <span class='ocrx_word' id='word_1_214' title='bbox 219 2492 376 2571; x_wconf 87' lang='lat' dir='ltr'>sequentia</span> <span class='ocrx_word' id='word_1_215' title='bbox 396 2488 465 2550; x_wconf 90' lang='lat' dir='ltr'>loca</span> <span class='ocrx_word' id='word_1_216' title='bbox 485 2492 700 2553; x_wconf 88' lang='lat' dir='ltr'>contineantur</span> <span class='ocrx_word' id='word_1_217' title='bbox 720 2512 791 2553; x_wconf 90' lang='lat' dir='ltr'>cum</span> <span class='ocrx_word' id='word_1_218' title='bbox 810 2490 974 2553; x_wconf 83' lang='lat' dir='ltr'>intervallis</span> <span class='ocrx_word' id='word_1_219' title='bbox 993 2488 1087 2565; x_wconf 70' lang='lat' dir='ltr'>datis,</span> <span class='ocrx_word' id='word_1_220' title='bbox 1110 2485 1266 2571; x_wconf 83' lang='lat' dir='ltr'>usquead</span> 
     </span>
     <span class='ocr_line' id='line_1_28' title="bbox 179 2570 1266 2655; baseline 0 -22"><span class='ocrx_word' id='word_1_221' title='bbox 179 2614 181 2621; x_wconf 62' lang='lat'>›</span> <span class='ocrx_word' id='word_1_222' title='bbox 220 2572 366 2653; x_wconf 86' lang='lat' dir='ltr'>Pisurgia.</span> <span class='ocrx_word' id='word_1_223' title='bbox 388 2570 505 2635; x_wconf 73' lang='lat' dir='ltr'>Ser-iem</span> <span class='ocrx_word' id='word_1_224' title='bbox 526 2572 665 2637; x_wconf 88' lang='lat' dir='ltr'>locorum</span> <span class='ocrx_word' id='word_1_225' title='bbox 688 2572 871 2649; x_wconf 81' lang='lat' dir='ltr'>Stadiasmi‚</span> <span class='ocrx_word' id='word_1_226' title='bbox 896 2594 927 2637; x_wconf 91' lang='lat' dir='ltr'>et</span> <span class='ocrx_word' id='word_1_227' title='bbox 941 2572 1099 2637; x_wconf 86' lang='lat' dir='ltr'>intervalla</span> <span class='ocrx_word' id='word_1_228' title='bbox 1113 2571 1266 2655; x_wconf 82' lang='lat' dir='ltr'>intellige·</span> 
     </span>
    </p>

    <p class='ocr_par' dir='ltr' id='par_1_11' title="bbox 219 2654 1267 2913">
     <span class='ocr_line' id='line_1_29' title="bbox 219 2654 1265 2744; baseline -0.001 -25"><span class='ocrx_word' id='word_1_229' title='bbox 219 2680 299 2733; x_wconf 88' lang='lat' dir='ltr'>rem,</span> <span class='ocrx_word' id='word_1_230' title='bbox 320 2660 346 2718; x_wconf 83' lang='lat' dir='ltr'>si</span> <span class='ocrx_word' id='word_1_231' title='bbox 361 2660 454 2721; x_wconf 82' lang='lat' dir='ltr'>exiret</span> <span class='ocrx_word' id='word_1_232' title='bbox 472 2654 571 2719; x_wconf 87' lang='lat' dir='ltr'>Melas</span> <span class='ocrx_word' id='word_1_233' title='bbox 586 2662 665 2719; x_wconf 91' lang='lat' dir='ltr'>inter</span> <span class='ocrx_word' id='word_1_234' title='bbox 683 2658 757 2720; x_wconf 90' lang='lat' dir='ltr'>hod.</span> <span class='ocrx_word' id='word_1_235' title='bbox 779 2659 863 2744; x_wconf 78' lang='lat' dir='ltr'>Capo</span> <span class='ocrx_word' id='word_1_236' title='bbox 879 2658 1045 2735; x_wconf 76' lang='lat' dir='ltr'>Cavuliere,</span> <span class='ocrx_word' id='word_1_237' title='bbox 1064 2676 1094 2723; x_wconf 84' lang='lat' dir='ltr'>et</span> <span class='ocrx_word' id='word_1_238' title='bbox 1106 2673 1265 2741; x_wconf 80' lang='lat' dir='ltr'>promont.</span> 
     </span>
     <span class='ocr_line' id='line_1_30' title="bbox 220 2741 1267 2829; baseline 0.001 -27"><span class='ocrx_word' id='word_1_239' title='bbox 220 2741 348 2803; x_wconf 84' lang='lat' dir='ltr'>alterurn</span> <span class='ocrx_word' id='word_1_240' title='bbox 373 2744 545 2823; x_wconf 88' lang='lat' dir='ltr'>proximum</span> <span class='ocrx_word' id='word_1_241' title='bbox 565 2742 671 2805; x_wconf 81' lang='lat' dir='ltr'>insulae</span> <span class='ocrx_word' id='word_1_242' title='bbox 693 2742 892 2829; x_wconf 82' lang='lat' dir='ltr'>Papadoulo,·</span> <span class='ocrx_word' id='word_1_243' title='bbox 912 2747 956 2805; x_wconf 92' lang='lat' dir='ltr'>sic</span> <span class='ocrx_word' id='word_1_244' title='bbox 974 2758 1124 2825; x_wconf 90' lang='lat' dir='ltr'>promont.</span> <span class='ocrx_word' id='word_1_245' title='bbox 1147 2741 1267 2803; x_wconf 78' lang='lat' dir='ltr'>Cratini</span> 
     </span>
     <span class='ocr_line' id='line_1_31' title="bbox 222 2824 1266 2913; baseline 0 -26"><span class='ocrx_word' id='word_1_246' title='bbox 222 2824 424 2907; x_wconf 70' lang='lat' dir='ltr'>collocaretur</span> <span class='ocrx_word' id='word_1_247' title='bbox 442 2830 527 2905; x_wconf 84' lang='lat' dir='ltr'>juxta</span> <span class='ocrx_word' id='word_1_248' title='bbox 546 2825 734 2913; x_wconf 83' lang='lat' dir='ltr'>Papadoulo.</span> <span class='ocrx_word' id='word_1_249' title='bbox 747 2864 779 2876; x_wconf 97' lang='lat'>-</span> <span class='ocrx_word' id='word_1_250' title='bbox 796 2826 876 2891; x_wconf 87' lang='lat' dir='ltr'>Silet</span> <span class='ocrx_word' id='word_1_251' title='bbox 889 2845 991 2890; x_wconf 88' lang='lat' dir='ltr'>noster</span> <span class='ocrx_word' id='word_1_252' title='bbox 1008 2827 1048 2890; x_wconf 87' lang='lat' dir='ltr'>de</span> <span class='ocrx_word' id='word_1_253' title='bbox 1064 2824 1266 2889; x_wconf 83' lang='lat' dir='ltr'>intervalloa</span> 
     </span>
    </p>

    <p class='ocr_par' dir='ltr' id='par_1_12' title="bbox 224 2908 1144 2995">
     <span class='ocr_line' id='line_1_32' title="bbox 224 2908 1144 2995; baseline 0 -24"><span class='ocrx_word' id='word_1_254' title='bbox 224 2908 354 2990; x_wconf 88' lang='lat' dir='ltr'>Ciphiso</span> <span class='ocrx_word' id='word_1_255' title='bbox 367 2908 407 2971; x_wconf 84' lang='lat' dir='ltr'>ad</span> <span class='ocrx_word' id='word_1_256' title='bbox 421 2908 593 2987; x_wconf 76' lang='lat' dir='ltr'>Melonem,</span> <span class='ocrx_word' id='word_1_257' title='bbox 611 2910 696 2995; x_wconf 91' lang='lat' dir='ltr'>quod</span> <span class='ocrx_word' id='word_1_258' title='bbox 708 2918 750 2992; x_wconf 73' lang='lat'>40</span> <span class='ocrx_word' id='word_1_259' title='bbox 762 2910 929 2974; x_wconf 87' lang='lat' dir='ltr'>stadiorum</span> <span class='ocrx_word' id='word_1_260' title='bbox 943 2910 1045 2975; x_wconf 73' lang='lat' dir='ltr'>fdrsan</span> <span class='ocrx_word' id='word_1_261' title='bbox 1056 2910 1144 2973; x_wconf 88' lang='lat' dir='ltr'>foret.</span> 
     </span>
    </p>

    <p class='ocr_par' dir='ltr' id='par_1_13' title="bbox 262 2991 1265 3081">
     <span class='ocr_line' id='line_1_33' title="bbox 262 2991 1265 3081; baseline 0.001 -28"><span class='ocrx_word' id='word_1_262' title='bbox 262 2991 333 3057; x_wconf 68' lang='grc' dir='ltr'>Ἐπὶ.</span> <span class='ocrx_word' id='word_1_263' title='bbox 347 3043 354 3058; x_wconf 93' lang='grc'><strong>.</strong></span> <span class='ocrx_word' id='word_1_264' title='bbox 368 3044 375 3057; x_wconf 94' lang='grc'><strong>.</strong></span> <span class='ocrx_word' id='word_1_265' title='bbox 405 2992 552 3079; x_wconf 51' lang='lat' dir='ltr'>ligonius]</span> <span class='ocrx_word' id='word_1_266' title='bbox 576 2996 629 3059; x_wconf 93' lang='lat' dir='ltr'>De</span> <span class='ocrx_word' id='word_1_267' title='bbox 643 3018 704 3081; x_wconf 91' lang='lat' dir='ltr'>quo</span> <span class='ocrx_word' id='word_1_268' title='bbox 717 3019 812 3079; x_wconf 89' lang='lat' dir='ltr'>prom.</span> <span class='ocrx_word' id='word_1_269' title='bbox 831 2996 922 3059; x_wconf 87' lang='lat' dir='ltr'>silent</span> <span class='ocrx_word' id='word_1_270' title='bbox 935 2995 1051 3059; x_wconf 83' lang='lat' dir='ltr'>omues.</span> <span class='ocrx_word' id='word_1_271' title='bbox 1064 2993 1145 3057; x_wconf 85' lang='lat' dir='ltr'>Vide</span> <span class='ocrx_word' id='word_1_272' title='bbox 1163 3014 1265 3077; x_wconf 77' lang='lat' dir='ltr'>supra.</span> 
     </span>
    </p>

    <p class='ocr_par' dir='ltr' id='par_1_14' title="bbox 167 3073 1274 3839">
     <span class='ocr_line' id='line_1_34' title="bbox 270 3073 1270 3162; baseline 0.004 -26"><span class='ocrx_word' id='word_1_273' title='bbox 270 3097 338 3154; x_wconf 90' lang='lat'>172.</span> <span class='ocrx_word' id='word_1_274' title='bbox 359 3073 506 3162; x_wconf 68' lang='lat' dir='ltr'>Euippe]</span> <span class='ocrx_word' id='word_1_275' title='bbox 533 3080 646 3142; x_wconf 82' lang='lat' dir='ltr'>Forsan</span> <span class='ocrx_word' id='word_1_276' title='bbox 669 3079 850 3143; x_wconf 88' lang='lat' dir='ltr'>collocanda</span> <span class='ocrx_word' id='word_1_277' title='bbox 867 3080 906 3143; x_wconf 89' lang='lat' dir='ltr'>ad</span> <span class='ocrx_word' id='word_1_278' title='bbox 930 3079 1085 3144; x_wconf 82' lang='lat' dir='ltr'>occident.</span> <span class='ocrx_word' id='word_1_279' title='bbox 1108 3076 1270 3143; x_wconf 74' lang='lat' dir='ltr'>hodiernae</span> 
     </span>
     <span class='ocr_line' id='line_1_35' title="bbox 223 3159 1270 3249; baseline 0.001 -26"><span class='ocrx_word' id='word_1_280' title='bbox 223 3161 411 3247; x_wconf 81' lang='lat' dir='ltr'>Prpodoulo.</span> <span class='ocrx_word' id='word_1_281' title='bbox 425 3200 458 3211; x_wconf 90' lang='lat'>-</span> <span class='ocrx_word' id='word_1_282' title='bbox 473 3159 649 3239; x_wconf 58' lang='lat' dir='ltr'>Keo‘fac’urm.</span> <span class='ocrx_word' id='word_1_283' title='bbox 663 3164 750 3227; x_wconf 92' lang='lat' dir='ltr'>Hod.</span> <span class='ocrx_word' id='word_1_284' title='bbox 762 3166 813 3228; x_wconf 84' lang='lat' dir='ltr'>Pa</span> <span class='ocrx_word' id='word_1_285' title='bbox 833 3164 943 3229; x_wconf 83' lang='lat' dir='ltr'>adoula</span> <span class='ocrx_word' id='word_1_286' title='bbox 949 3211 961 3241; x_wconf 93' lang='lat'>,</span> <span class='ocrx_word' id='word_1_287' title='bbox 972 3163 1057 3249; x_wconf 92' lang='lat' dir='ltr'>quod</span> <span class='ocrx_word' id='word_1_288' title='bbox 1068 3183 1149 3227; x_wconf 86' lang='lat' dir='ltr'>recte</span> <span class='ocrx_word' id='word_1_289' title='bbox 1159 3160 1270 3225; x_wconf 80' lang='lat' dir='ltr'>scribit</span> 
     </span>
     <span class='ocr_line' id='line_1_36' title="bbox 224 3246 1269 3313; baseline 0.001 -6"><span class='ocrx_word' id='word_1_290' title='bbox 224 3246 354 3307; x_wconf 89' lang='lat' dir='ltr'>Lealius</span> <span class='ocrx_word' id='word_1_291' title='bbox 371 3250 403 3305; x_wconf 89' lang='lat' dir='ltr'>in</span> <span class='ocrx_word' id='word_1_292' title='bbox 415 3267 469 3307; x_wconf 86' lang='lat' dir='ltr'>sua</span> <span class='ocrx_word' id='word_1_293' title='bbox 483 3246 595 3309; x_wconf 86' lang='lat' dir='ltr'>tabula.</span> <span class='ocrx_word' id='word_1_294' title='bbox 609 3285 640 3308; x_wconf 64' lang='lat'>-,-</span> <span class='ocrx_word' id='word_1_295' title='bbox 655 3250 735 3312; x_wconf 84' lang='lat' dir='ltr'>Mox</span> <span class='ocrx_word' id='word_1_296' title='bbox 746 3268 790 3313; x_wconf 84' lang='lat' dir='ltr'>sta</span> <span class='ocrx_word' id='word_1_297' title='bbox 813 3255 841 3311; x_wconf 87' lang='lat' dir='ltr'>ia</span> <span class='ocrx_word' id='word_1_298' title='bbox 865 3271 922 3313; x_wconf 88' lang='lat'>120</span> <span class='ocrx_word' id='word_1_299' title='bbox 935 3252 1110 3313; x_wconf 84' lang='lat' dir='ltr'>summatim</span> <span class='ocrx_word' id='word_1_300' title='bbox 1126 3264 1269 3310; x_wconf 87' lang='lat' dir='ltr'>numerat</span> 
     </span>
     <span class='ocr_line' id='line_1_37' title="bbox 167 3328 1267 3416; baseline 0.002 -26"><span class='ocrx_word' id='word_1_301' title='bbox 167 3400 170 3403; x_wconf 23' lang='lat'>¹</span> <span class='ocrx_word' id='word_1_302' title='bbox 225 3346 328 3392; x_wconf 87' lang='lat' dir='ltr'>noster</span> <span class='ocrx_word' id='word_1_303' title='bbox 341 3328 380 3390; x_wconf 89' lang='lat' dir='ltr'>ab</span> <span class='ocrx_word' id='word_1_304' title='bbox 394 3328 618 3411; x_wconf 84' lang='lat' dir='ltr'>Aphrodisiade</span> <span class='ocrx_word' id='word_1_305' title='bbox 634 3332 682 3393; x_wconf 41' lang='lat' dir='ltr'>ads</span> <span class='ocrx_word' id='word_1_306' title='bbox 693 3333 845 3416; x_wconf 84' lang='lat' dir='ltr'>Pisurgia,</span> <span class='ocrx_word' id='word_1_307' title='bbox 864 3358 927 3397; x_wconf 92' lang='lat' dir='ltr'>non</span> <span class='ocrx_word' id='word_1_308' title='bbox 938 3333 1101 3407; x_wconf 90' lang='lat' dir='ltr'>mendose,</span> <span class='ocrx_word' id='word_1_309' title='bbox 1113 3336 1138 3395; x_wconf 90' lang='lat' dir='ltr'>si</span> <span class='ocrx_word' id='word_1_310' title='bbox 1149 3351 1267 3395; x_wconf 85' lang='lat' dir='ltr'>rectam</span> 
     </span>
     <span class='ocr_line' id='line_1_38' title="bbox 227 3414 1269 3502; baseline 0.001 -27"><span class='ocrx_word' id='word_1_311' title='bbox 227 3416 454 3495; x_wconf 77' lang='lat' dir='ltr'>navigationem</span> <span class='ocrx_word' id='word_1_312' title='bbox 472 3415 631 3498; x_wconf 83' lang='lat' dir='ltr'>intelligas.</span> <span class='ocrx_word' id='word_1_313' title='bbox 654 3415 712 3479; x_wconf 88' lang='lat' dir='ltr'>Sin</span> <span class='ocrx_word' id='word_1_314' title='bbox 732 3419 833 3491; x_wconf 89' lang='lat' dir='ltr'>aliter,</span> <span class='ocrx_word' id='word_1_315' title='bbox 849 3419 954 3502; x_wconf 90' lang='lat' dir='ltr'>paullo</span> <span class='ocrx_word' id='word_1_316' title='bbox 971 3419 1057 3500; x_wconf 89' lang='lat' dir='ltr'>plura</span> <span class='ocrx_word' id='word_1_317' title='bbox 1078 3414 1269 3478; x_wconf 85' lang='lat' dir='ltr'>numeranda</span> 
     </span>
     <span class='ocr_line' id='line_1_39' title="bbox 226 3498 1272 3587; baseline 0.002 -26"><span class='ocrx_word' id='word_1_318' title='bbox 226 3498 338 3561; x_wconf 87' lang='lat' dir='ltr'>forent.</span> <span class='ocrx_word' id='word_1_319' title='bbox 356 3498 455 3572; x_wconf 85' lang='lat' dir='ltr'>Nam,</span> <span class='ocrx_word' id='word_1_320' title='bbox 478 3506 504 3573; x_wconf 75' lang='lat'>5.</span> <span class='ocrx_word' id='word_1_321' title='bbox 524 3519 582 3578; x_wconf 88' lang='lat'>170</span> <span class='ocrx_word' id='word_1_322' title='bbox 605 3501 791 3575; x_wconf 30' lang='lat' dir='ltr'>fin.·,·habet</span> <span class='ocrx_word' id='word_1_323' title='bbox 808 3522 910 3567; x_wconf 88' lang='lat' dir='ltr'>noster</span> <span class='ocrx_word' id='word_1_324' title='bbox 928 3504 967 3566; x_wconf 83' lang='lat' dir='ltr'>ab</span> <span class='ocrx_word' id='word_1_325' title='bbox 981 3499 1209 3587; x_wconf 84' lang='lat' dir='ltr'>Aphrodisiade</span> <span class='ocrx_word' id='word_1_326' title='bbox 1229 3500 1272 3563; x_wconf 80' lang='lat' dir='ltr'>ad</span> 
     </span>
     <span class='ocr_line' id='line_1_40' title="bbox 229 3581 1274 3669; baseline 0.002 -26"><span class='ocrx_word' id='word_1_327' title='bbox 229 3581 389 3667; x_wconf 85' lang='lat' dir='ltr'>Ciphisum</span> <span class='ocrx_word' id='word_1_328' title='bbox 404 3602 449 3666; x_wconf 75' lang='lat'>‚35</span> <span class='ocrx_word' id='word_1_329' title='bbox 469 3581 546 3646; x_wconf 87' lang='lat' dir='ltr'>stad.</span> <span class='ocrx_word' id='word_1_330' title='bbox 574 3586 620 3662; x_wconf 87' lang='lat' dir='ltr'>(a</span> <span class='ocrx_word' id='word_1_331' title='bbox 641 3584 771 3669; x_wconf 88' lang='lat' dir='ltr'>Ciphiso</span> <span class='ocrx_word' id='word_1_332' title='bbox 791 3587 832 3651; x_wconf 83' lang='lat' dir='ltr'>ad</span> <span class='ocrx_word' id='word_1_333' title='bbox 850 3587 1008 3651; x_wconf 71' lang='lat' dir='ltr'>Melonem</span> <span class='ocrx_word' id='word_1_334' title='bbox 1025 3586 1196 3649; x_wconf 88' lang='lat' dir='ltr'>stadiorum</span> <span class='ocrx_word' id='word_1_335' title='bbox 1215 3607 1274 3646; x_wconf 87' lang='lat' dir='ltr'>uu·</span> 
     </span>
     <span class='ocr_line' id='line_1_41' title="bbox 229 3666 1274 3755; baseline 0.002 -28"><span class='ocrx_word' id='word_1_336' title='bbox 229 3688 327 3727; x_wconf 87' lang='lat' dir='ltr'>merus</span> <span class='ocrx_word' id='word_1_337' title='bbox 339 3666 469 3744; x_wconf 85' lang='lat' dir='ltr'>excidit,</span> <span class='ocrx_word' id='word_1_338' title='bbox 488 3691 578 3750; x_wconf 90' lang='lat' dir='ltr'>quem</span> <span class='ocrx_word' id='word_1_339' title='bbox 593 3676 707 3749; x_wconf 21' lang='lat' dir='ltr'>doresse</span> <span class='ocrx_word' id='word_1_340' title='bbox 719 3676 905 3750; x_wconf 79' lang='lat' dir='ltr'>conjecimus</span> <span class='ocrx_word' id='word_1_341' title='bbox 916 3677 927 3755; x_wconf 88' lang='lat'><strong>)</strong></span> <span class='ocrx_word' id='word_1_342' title='bbox 935 3696 944 3749; x_wconf 93' lang='lat'>;</span> <span class='ocrx_word' id='word_1_343' title='bbox 956 3672 1112 3735; x_wconf 85' lang='lat' dir='ltr'>aMelane</span> <span class='ocrx_word' id='word_1_344' title='bbox 1122 3668 1161 3731; x_wconf 86' lang='lat' dir='ltr'>ad</span> <span class='ocrx_word' id='word_1_345' title='bbox 1174 3669 1274 3731; x_wconf 87' lang='lat' dir='ltr'>Crau-</span> 
     </span>
     <span class='ocr_line' id='line_1_42' title="bbox 174 3748 1273 3839; baseline 0.004 -29"><span class='ocrx_word' id='word_1_346' title='bbox 174 3757 176 3762; x_wconf 87' lang='lat'>&#39;</span> <span class='ocrx_word' id='word_1_347' title='bbox 230 3772 284 3811; x_wconf 86' lang='lat' dir='ltr'>nos</span> <span class='ocrx_word' id='word_1_348' title='bbox 304 3756 363 3827; x_wconf 73' lang='lat'>403</span> <span class='ocrx_word' id='word_1_349' title='bbox 385 3769 414 3813; x_wconf 87' lang='lat' dir='ltr'>et</span> <span class='ocrx_word' id='word_1_350' title='bbox 425 3748 549 3813; x_wconf 86' lang='lat' dir='ltr'>tandem</span> <span class='ocrx_word' id='word_1_351' title='bbox 563 3775 580 3815; x_wconf 89' lang='lat' dir='ltr'>a</span> <span class='ocrx_word' id='word_1_352' title='bbox 596 3754 728 3817; x_wconf 85' lang='lat' dir='ltr'>Craunis</span> <span class='ocrx_word' id='word_1_353' title='bbox 738 3756 777 3819; x_wconf 91' lang='lat' dir='ltr'>ad</span> <span class='ocrx_word' id='word_1_354' title='bbox 787 3756 921 3839; x_wconf 85' lang='lat' dir='ltr'>Pisurgia</span> <span class='ocrx_word' id='word_1_355' title='bbox 938 3765 989 3837; x_wconf 75' lang='lat'>45.</span> <span class='ocrx_word' id='word_1_356' title='bbox 1003 3756 1074 3832; x_wconf 79' lang='lat' dir='ltr'>Sic,</span> <span class='ocrx_word' id='word_1_357' title='bbox 1091 3752 1192 3817; x_wconf 84' lang='lat' dir='ltr'>stadia</span> <span class='ocrx_word' id='word_1_358' title='bbox 1210 3772 1273 3814; x_wconf 80' lang='lat'>120</span> 
     </span>
    </p>

    <p class='ocr_par' dir='ltr' id='par_1_15' title="bbox 228 3834 1272 3927">
     <span class='ocr_line' id='line_1_43' title="bbox 228 3834 1272 3927; baseline 0.003 -31"><span class='ocrx_word' id='word_1_359' title='bbox 228 3834 432 3918; x_wconf 20' lang='lat' dir='ltr'>,colliguntum</span> <span class='ocrx_word' id='word_1_360' title='bbox 448 3834 496 3903; x_wconf 86' lang='lat' dir='ltr'>vel</span> <span class='ocrx_word' id='word_1_361' title='bbox 507 3844 703 3919; x_wconf 81' lang='lat' dir='ltr'>praetermisso</span> <span class='ocrx_word' id='word_1_362' title='bbox 718 3841 880 3909; x_wconf 84' lang='lat' dir='ltr'>intervallo</span> <span class='ocrx_word' id='word_1_363' title='bbox 897 3842 1037 3927; x_wconf 83' lang='lat' dir='ltr'>quolibet</span> <span class='ocrx_word' id='word_1_364' title='bbox 1050 3857 1071 3912; x_wconf 77' lang='lat' dir='ltr'>a</span> <span class='ocrx_word' id='word_1_365' title='bbox 1086 3839 1217 3924; x_wconf 83' lang='lat' dir='ltr'>Ciphiso</span> <span class='ocrx_word' id='word_1_366' title='bbox 1227 3836 1272 3899; x_wconf 81' lang='lat' dir='ltr'>ad</span> 
     </span>
    </p>
   </div>
   <div class='ocr_carea' id='block_1_5' title="bbox 0 0 1458 4659">
    <p class='ocr_par' dir='ltr' id='par_1_16' title="bbox 0 0 1458 4659">
     <span class='ocr_line' id='line_1_44' title="bbox 0 0 1458 4659; baseline 0 0"><span class='ocrx_word' id='word_1_367' title='bbox 0 0 1458 4659; x_wconf 95' lang='lat' dir='ltr'> </span> 
     </span>
    </p>
   </div>
  </div>
 </body>
</html>
