2834 4659
231 270 300 365 556
590 285 909 341 annotationes
987 357 992 362 ¹

225 391 304 452 sium
324 392 354 449 el
375 384 555 451 Karalurna
576 402 762 470 repertarum
784 386 875 471 (a)„
900 405 963 445 non
984 384 1056 446 s'atis
1077 386 1277 455 concordent

228 486 298 533 cum
312 470 432 533 duobus
450 470 525 533 locis
550 470 698 549 (Anaxio
717 486 748 533 et
766 470 887 551 Angit)
905 471 938 529 in
962 466 1137 532 Stadiasmo
1154 495 1273 536 memo-

148 618 160 630 „
226 560 315 629 ratis,
333 577 445 639 pronus
459 552 609 617 forem'ad
624 553 841 618 collocandum
854 552 1009 615 Anartium
1022 556 1054 613 in
1068 557 1277 621 orientalibus

226 644 340 714 ruinis,
356 655 387 701 et
403 640 505 723 Auges
528 642 559 701 in
577 637 842 713 occidentalibus,
864 635 982 712 idest,
1002 641 1035 697 in
1055 648 1275 720 promontorio

225 722 372 807 quodam.
391 721 524 785 Videtur
536 721 725 786 Stadiasmus
736 728 864 785 innuere
877 722 1034 783 Artaxiam
1049 745 1111 785 non
1126 722 1221 788 fuisse
1237 732 1271 789 in

225 807 336 881 litore,
362 824 392 869 et
407 819 528 890 portum
547 812 610 889 ejus
626 806 721 869 fuisse
742 807 892 876 Aunesim
918 804 1055 881 dictum,
1079 808 1169 889 quod
1193 814 1272 873 mire

227 895 364 954 concinit
382 904 452 959 'curn
469 895 564 954 ruinis
585 895 693 955 vicinis
707 890 864 953 hodiernae
882 890 993 973 Alaya.
1015 889 1120 953 Valde'
1133 899 1271 979 suspicor

227 978 384 1037 Anaxium
402 974 513 1059 Peripli
533 974 672 1038 eamdem
690 996 754 1038 esse
773 994 810 1037 ac
827 974 1013 1037 Hamaxiam
1034 972 1218 1055 Strabonis,
1240 999 1272 1043 et

228 1057 431 1143 geographum
447 1078 602 1143 perperam
616 1062 749 1143 posuisse
763 1059 843 1121 hanc
862 1058 969 1120 urbem
986 1057 1024 1119 ad
1042 1063 1195 1122 orientem
1207 1063 1272 1127 Co

229 1148 345 1205 racesiis
360 1144 504 1219 leelina,
528 1144 587 1207 loc.
602 1148 654 1207 cit.
672 1160 701 1227 p.
726 1164 794 1227 197.
810 1139 863 1205 Cf.
878 1142 917 1205 ib.
931 1164 961 1224 p.
979 1142 1036 1227 198
1047 1166 1063 1218 ,·
1076 1165 1142 1208 not.
1155 1165 1209 1233 23:

270 1226 324 1289 De
336 1225 437 1289 forma
451 1226 575 1291 dicendi
589 1226 629 1296 sic
642 1219 698 1291 Ari.
714 1225 760 1289 ἐπὶ
771 1251 808 1312 χ.
825 1226 864 1289 cf.
877 1226 917 1289 ad
929 1236 957 1301 s.
973 1233 1041 1309 143.

179 1344 183 1349 ·
248 1356 250 1361 -
277 1312 345 1395 189.·
371 1306 494 1395 Αὐγίς]
513 1312 613 1376 Locus
630 1316 757 1375 omissus
774 1314 900 1386 ceteris,
913 1311 966 1373 sed
980 1312 1168 1395 reponendus
1184 1319 1274 1379 circa

230 1394 462 1478 Ptolemaidem.-
476 1395 640 1461 Intervalla
655 1396 699 1459 ibi
720 1414 802 1459 recte
818 1399 947 1479 exprimi
967 1396 1122 1459 videntur.

276 1483 346 1563 190.
367 1474 537 1565 Aeueiieeor]
561 1480 666 1561 Quem
681 1481 785 1544 locum
802 1478 885 1542 haud
904 1480 1075 1544 absimilem
1093 1488 1117 1542 a'
1132 1481 1275 1547 Leucolh

231 1562 341 1641 Plinii,
354 1581 389 1637 v,
411 1584 464 1644 27,
481 1566 680 1644 judicaverim
693 1586 763 1627 cum
780 1566 966 1639 Mannerto,
984 1580 1041 1639 vl,
1063 1582 1112 1639 11,
1137 1588 1221 1642 122,
1243 1585 1275 1631 et

230 1648 362 1725 Lealcio,
375 1649 435 1713 loc.
450 1653 501 1713 cit.
515 1671 545 1734 p.
568 1650 634 1737 196.
655 1648 764 1727 Quum
781 1660 884 1714 autem
901 1648 974 1711 hod.
992 1649 1073 1735 Cape
1087 1650 1278 1714 Karabumu'

229 1736 261 1795 in
282 1733 344 1802 hoc,
360 1734 448 1797 litore
462 1738 596 1810 maxime
618 1738 810 1825 promineat,
833 1731 955 1795 videtur
980 1734 1097 1795 Lealtio'
1113 1749 1176 1797 esse
1193 1736 1275 1798 Leu-

229 1818 347 1883 cotlreua
370 1817 554 1896 Stadiasmi,
580 1822 719 1903 quamvis
737 1822 859 1881 nomini
881 1816 1033 1879 hodierno
1053 1838 1174 1880 sensum
1195 1822 1277 1905 nigri

230 1902 308 1979 Ιοσί,Ι
328 1907 455 1987 antiquo
475 1893 539 1967 albi
562 1903 618 1967 loci
637 1907 736 1967 inesse
755 1907 937 1986 reperiamus
956 1904 968 1984 (
986 1899 1145 1966 cf.·adnot.
1166 1908 1277 1988 mox).

231 1986 382 2051 Concinit
406 1992 489 2051 enim
514 1991 586 2053 situs
607 1986 789 2052 Karabumu
816 2009 887 2050 cum
914 1986 1079 2049 intervallis
1107 1986 1277 2052 Stadiasmi

229 2074 324 2156 (quae'
339 2073 382 2135 ibi
398 2094 500 2135 carere
514 2074 633 2138 mendis
649 2074 695 2135 La
719 2076 745 2135 ie
760 2076 853 2135 etiam
865 2071 1005 2153 judicat)
1020 2093 1028 2145 ;
1050 2089 1080 2134 et
1099 2072 1180 2135 bene
1192 2078 1274 2138 r'atio

228 2156 368 2303 gedditur
383 2177 450 2221 200n
458 2158 626 2222 stadiorum
643 2179 662 2220 a
679 2094 847 2221 doracesio
863 2154 904 2217 ad
921 2155 1130 2219 Leucotheam
1145 2158 1276 2239 (Karo-
1302 2156 1308 2159 ’

248 2264 323 2305 urnu
355 2288 362 2304 .

276 2246 352 2410 191.)
365 2321 574 2411 EichCa‘pm]
591 2325 812 2411 Corruptepro
833 2322 965 2404 Kairiana.
989 2326 1115 2388 Habent
1139 2326 1280 2411 Scylax,

161 2484 164 2487 ¹
227 2432 295 2495 pag.
315 2432 389 2497 300,
412 2429 442 2474 et
460 2410 590 2484 Ptolem.
605 2409 639 2473 ari
654 2406 774 2489 Κιῗυρςι,
790 2410 865 2473 Non
883 2415 1039 2473 civitatem
1053 2415 1147 2495 ipsam
1167 2412 1280 2476 laudat

233 2495 367 2574 Strabo,
388 2516 456 2581 pag.
475 2496 554 2577 983,
573 2493 647 2571 fin,
666 2496 719 2559 sed
740 2493 902 2573 Κιζυρφτὸν
923 2487 1058 2575 walae
1079 2493 1130 2557 mir
1150 2495 1280 2582 Mexpoir.

231 2579 310 2643 Inde
333 2584 459 2662 conjicit
476 2582 684 2658 Mannartus,
706 2580 766 2643 loc.
786 2585 866 2656 cit.·‚·
881 2580 961 2643 hanc
984 2578 1090 2641 urbem
1115 2580 1281 2645 Strabonis

231 2682 319 2729 aetate
337 2672 398 2745 jam
420 2686 481 2728 non
497 2664 630 2811 amplius
644 2668 807 2741 exstitisse3
823 2662 863 2727 de
876 2646 939 2748 q⁸uo
953 2664 1016 2727 vid.
1031 2662 1111 2749 praef.
1125 2686 1281 2742 nostram,

180 2797 182 2802 .
235 2758 262 2823 s.
289 2768 341 2833 13,
356 2772 424 2836 pag.
447 2756 519 2830 424.
570 2766 582 2811 t
599 2771 716 2833 quum,
738 2772 801 2812 non
821 2748 919 2812 urbem
930 2753 1043 2833 ipsam,
1059 2747 1113 2810 sed
1128 2749 1201 2813 litus
1227 2752 1282 2815 Ci-

232 2834 403 2919 byratarum·
419 2836 599 2910 Minorem,
619 2831 730 2897 Strabo
745 2834 943 2904 collocaverit
962 2832 1058 2901 Siden
1076 2837 1156 2896 inter
1168 2852 1200 2895 et
1210 2836 1283 2898 Me·

233 2915 309 2980 lanis
330 2924 424 2995 ostia,
445 2917 522 2980 dum
546 2934 648 2983 noster
667 2920 678 3001 (
698 2940 755 2981 nec
778 2920 953 3001 immerito)
977 2918 1126 3000 Cibyram
1142 2924 1285 3002 posuerit

218 3000 275 3063 'ad
293 3008 441 3067 orientem
459 3004 607 3081 Melania,
631 3002 743 3067 Strabo
757 3001 857 3065 forsan
876 3026 938 3065 non
950 3024 1049 3065 errore
1065 3001 1283 3080 damnandus,

233 3088 318 3169 quod
338 3090 404 3151 vult
422 3088 551 3151 Leakius
561 3136 570 3165 ,
584 3090 643 3152 loc.
660 3092 712 3151 eit.
725 3110 753 3171 p.
776 3087 851 3171 1'96,
870 3091 956 3171 quasi
971 3094 1076 3151 seriem
1096 3088 1282 3172 geographi-

234 3191 301 3233 cam
319 3190 421 3255 aperte
436 3172 558 3235 laederet
574 3172 771 3257 geographus.
800 3172 861 3239 Vix
882 3174 1048 3247 credamus,
1064 3174 1108 3233 ait
1124 3172 1283 3248 ille‚alie·

234 3278 306 3318 trum
323 3259 497 3319 territorium
522 3259 723 3342 interpositum
733 3258 832 3336 fuisse
846 3256 933 3319 Sidera
948 3259 1040 3335 inter,
1062 3257 1212 3319 civitatem
1233 3260 1283 3319 in-

234 3339 357 3416 clytum,
379 3358 409 3403 et
418 3341 549 3417 fluvium
563 3338 732 3418 Melonem,
746 3341 785 3404 ab
800 3363 834 3404 ea
850 3362 873 3423 4
893 3341 1025 3405 millibus
1038 3357 1156 3405 tannem
1168 3323 1285 3403 distan-

233 3424 300 3487 tem.
323 3423 402 3501 Sed,
416 3428 554 3508 quamvis
565 3422 749 3487 desideretur
769 3429 812 3487 rei
829 3429 908 3489 ratio
921 3426 1084 3500 historica,
1104 3430 1208 3509 potuit
1225 3424 1283 3487 Ci-

234 3508 407 3591 byratarum
423 3508 492 3571 litus
510 3507 627 3571 dictum
645 3532 706 3572 non
726 3510 870 3573 mendose
883 3528 957 3574 tunc
970 3510 1105 3593 produci
1119 3532 1215 3593 usque
1239 3507 1285 3571 ad

198 3634 201 3639 -
234 3594 427 3657 occidentem
441 3593 575 3656 Melanis
592 3594 690 3656 fluvii.
705 3592 751 3656 Ut
770 3613 805 3657 ut
825 3612 887 3673 est,
910 3613 992 3658 recte
1011 3594 1134 3659 videtur
1146 3593 1283 3657 Lealcius

234 3684 387 3760 conjicere
399 3676 524 3762 Ciby'rae
535 3682 660 3762 vestigia
672 3677 738 3741 haec
753 3700 815 3743 esse
829 3727 839 3757 ,
855 3702 925 3764 quae
939 3682 1029 3765 Capt.
1041 3680 1191 3759 Beaufirrt
1198 3678 1284 3742 vidit

261 3811 295 3865 (a)
314 3812 351 3855 cf.
370 3810 465 3869 Beaufhrr
476 3810 519 3853 tab.
528 3810 585 3863 laud.
598 3809 660 3855 Lente
666 3808 773 3855 Annium
780 3803 869 3856 collocat
876 3812 930 3864 ,ubi
939 3810 1035 3871 Beenfort
1049 3812 1153 3863 Laertem
1165 3786 1289 3866 etbuges,

236 3868 274 3912 ubi
283 3868 379 3925 Beaufert
390 3872 460 3926 posuit
470 3866 630 3911 Ptolemaidem.
879 3922 882 3933 ,
926 3884 942 3901 κ
