2834 4659
409 357 585 422 musone
613 352 895 435 rnnoururrrs.¹
1124 366 1174 431 '27
1222 349 1231 361 “
1337 410 1340 413 ,

145 465 249 538 llerxe
267 464 369 533 fuerat
391 466 521 548 excisa,
543 466 703 561 agnoscit
723 466 824 533 eriam
845 462 1068 555 Thucydides
1082 465 1107 531 ¹.
1124 461 1179 541 Sic

145 567 235 637 facile
259 568 488 665 intelligemus
513 586 586 660 quo
610 585 714 661 pacto
736 568 892 637 evenerit
914 584 953 635 ur
978 569 1021 635 ad
1046 588 1178 635 annum
1226 634 1228 643 s

144 669 460 763 usquetricesim'um
471 671 577 741 dilata
585 670 714 740 firerint
724 670 903 757 judiciade
912 670 1057 755 athletis.
1070 670 1178 737 Anno

39 813 40 816 π
144 775 254 843 excisae
270 775 362 844 urbis
383 797 455 843 suae
468 772 700 845 ferocissimos
716 772 821 843 fuisse
840 772 1090 842 Thebanorum
1104 774 1178 843 ani-

145 896 211 945 mos
231 900 251 947 e
270 878 427 947 Diodoro
446 876 666 947 manifestum
690 894 754 946 est.
771 870 931 947 No'n‘est
945 877 1094 969 proinde
1118 900 1179 944 cur

146 981 296 1049 miremur
310 982 338 1064 si
356 997 443 1051 tunc
458 982 601 1051 athletas
614 1004 633 1049 a
651 982 726 1069 jure
738 1002 803 1049 suo
815 981 1035 1049 vendicando
1051 998 1180 1050 terrue-

145 1084 215 1151 rint.
230 1079 391 1153 Proximo
405 1102 520 1153 autem
539 1083 938 1154 arestaurationisinitio
953 1108 1061 1165 anno,
1080 1084 1179 1152 odio-

145 1177 211 1254 sum
223 1179 292 1256 erat
304 1188 334 1257 si
351 1212 451 1256 novae
462 1188 577 1281 patriae
588 1188 735 1257 laetitiam
751 1188 892 1255 vixdum
907 1205 1053 1278 peractae
1065 1186 1178 1255 causis

145 1290 176 1357 in
189 1281 276 1359 cives
287 1292 444 1361 dicendis
456 1281 708 1384 interpellasset
719 1290 1178 1391 athleta·peregrinus,cunr
1202 1356 1206 1375 ,

146 1416 225 1489 agre
243 1394 329 1463 ludis
351 1396 436 1488 ipsis
460 1413 584 1465 vacare
601 1412 769 1487 possent,
797 1416 877 1474 cum
900 1413 1045 1491 agerent
1063 1395 1179 1486 patriar

146 1497 235 1587 quasi
250 1495 359 1568 ferias.
379 1498 458 1596 Ego
473 1516 566 1568 certe
582 1500 703 1566 horum
718 1520 890 1567 annorum
904 1498 1007 1567 situm
1020 1518 1180 1575 commo-

146 1600 269 1669 diorem·
281 1600 413 1670 nullum
430 1602 585 1671 invenio.
604 1600 727 1671 Exhis
747 1602 841 1669 enim
862 1602 990 1696 nostris
1009 1600 1179 1693 hypothe-

148 1699 229 1771 sibus
249 1698 335 1773 ratio
355 1703 692 1796 redditur'facillima
713 1728 776 1773 cur
800 1704 961 1801 agonalia
985 1706 1055 1773 haec
1086 1705 1180 1795 judi·

147 1806 193 1873 cla
209 1808 371 1903 tantisper
392 1807 522 1878 luerint
539 1801 661 1890 dilata,
680 1825 716 1877 er
734 1810 951 1877 cantandam
970 1808 1178 1900 aliquando,

145 1906 249 2001 clapso
276 1912 543 2003 quinquennio,
574 1911 699 1994 sedatis
725 1911 864 2003 publica
889 1911 1002 1980 laetitia
1033 1912 1177 1995 animis,

147 2008 260 2107 fuerint
275 2016 431 2107 repetita.
444 2014 488 2083 Et
502 2015 646 2107 quidem
667 2014 743 2084 talis
762 2014 819 2093 illa
839 2033 878 2090 ut
893 2013 937 2089 ab
952 2016 1035 2096 hoc,
1054 2016 1089 2083 in
1104 2038 1179 2107 quo

39 2201 40 2206 ἵ
147 2139 323 2199 versamur,
343 2118 429 2188 anni
444 2118 576 2213 olymp.
592 2136 725 2201 cxvii,
749 2140 788 2211 3,
804 2109 1085 2215 longe'aberrare
1104 2142 1177 2189 non

146 2222 283 2308 potuerit
303 2245 418 2291 annus
438 2245 513 2313 quo
534 2223 678 2327 eprararit
698 2220 758 2292 illa
776 2220 1006 2301 Dicaearchus.
1256 2216 1263 2225 ’

298 2355 307 2367 ,
329 2337 334 2363 l

144 2417 164 2471 i·
180 2408 221 2471 Vl.
236 2413 312 2491 Opus
329 2413 481 2469 Dicaearchi
494 2418 641 2471 metricum
656 2396 815 2481 memoriale
827 2427 882 2485 erat
892 2412 1016 2488 locorum
1032 2416 1178 2489 insignium
1226 2474 1234 2493 Ι

177 2488 201 2541 in
219 2488 313 2545 tabulis
330 2487 451 2563 ejusdem
467 2488 652 2570 geographicis
669 2488 834 2545 traditorum.
862 2478 933 2555 Quae
955 2486 1065 2567 quidem
1083 2488 1181 2547 tabule

175 2579 242 2642 erant
251 2564 326 2620 orbis
338 2565 463 2619 universi.
517 2614 519 2619 ,

461 2646 499 2697 54:

185 2726 265 2812 llaec
288 2753 357 2797 nos
380 2753 424 2819 ex
447 2748 593 2823 utraque
610 2714 1037 2828 horum'fragmentorum
1063 2728 1178 2803 aste·

141 2831 242 2920 phano
258 2850 294 2901 et
311 2831 511 2902 Hoeschelio
524 2835 694 2911 editorum
712 2852 828 2927 parte,
843 2852 911 2903 tam
931 2836 1051 2931 ligata,
1071 2858 1178 2931 quam

142 2934 240 3004 soluta
258 2962 270 3002 z
288 2936 451 3027 equibus
467 2956 610 3031 apparet
625 2956 808 3029 utramque
826 2940 989 3031 temporis
1006 2962 1081 3007 esse
1102 2962 1178 3012 non

141 3040 319 3107 admodum
331 3039 475 3123 diversi,
490 3058 646 3131 neutram
659 3060 772 3111 autem
785 3039 973 3111 Dicaearchi
987 3059 1082 3110 aetate
1099 3042 1180 3111 alie*

141 3163 222 3211 nam.
244 3143 333 3217 Non
349 3143 466 3235 itaque
487 3163 622 3241 pugnat
637 3163 793 3239 tempus,
809 3167 882 3237 quo
899 3146 1014 3215 minus
1032 3163 1177 3236 utraque

137 3240 256 3315 hierita
269 3246 482 3316 Dicaearcho.
493 3248 721 3342 Censuerunt
732 3252 895 3318 hactenus
906 3248 1065 3341 plerique
1074 3250 1178 3319 unius

39 3371 40 3382 ¹
139 3348 359 3441 ejusdemque
372 3351 487 3442 operis
501 3350 607 3421 fuisse
624 3351 773 3441 diversas
788 3354 1030 3422 tantummodo
1046 3369 1179 3447 partes,

140 3455 228 3541 quod
247 3478 318 3552 ego
335 3477 393 3522 me
408 3454 517 3523 fateor
538 3475 695 3549 praestare
716 3481 788 3526 non
812 3479 928 3549 posse.
949 3453 1083 3529 Contra
1104 3478 1178 3533 reru

140 3556 246 3643 potius
257 3582 294 3627 se
302 3558 466 3650 habuisse
480 3561 648 3653 suspicor.
662 3559 861 3629 Consilium
873 3560 1051 3650 utriusque
1064 3558 1197 3649 scripti

141 3678 202 3752 ego
216 3662 408 3730 admodum
420 3661 593 3731 diversum
608 3663 712 3733 fuisse
728 3664 885 3733 arbitror.
904 3662 1033 3762 Operis
1048 3658 1179 3728 metrici

39 3827 40 3830 ,
141 3764 314 3834 consilium
332 3783 424 3846 erat,
450 3766 487 3833 ni
504 3763 622 3851 fallor,
648 3786 685 3835 ut
700 3768 887 3869 descriptas
904 3768 939 3857 in
957 3764 1080 3843 ,tabella
1093 3784 1179 3858 geo·
1271 3820 1274 3839 ,
1377 3766 1378 3835 ἶ

177 3896 322 3976 'Thucych
339 3900 387 3956 lib.
402 3914 411 3958 1
424 3902 433 3974 (
441 3919 498 3977 cap.
509 3923 541 3979 93
553 3902 569 3975 l.
