2834 4659
448 314 625 379 atusQue
652 313 920 375 retenensis.
1000 314 1008 321 ·
1156 293 1204 387 45
1302 288 1307 299 '

183 420 283 492 nullan
296 443 361 490 esst
385 426 642 516 compartionem
662 424 810 488 universa
828 419 1033 487 rotunditatis
1051 417 1250 527 colligens.

185 524 253 593 Non
268 525 430 617 equidem
454 524 648 593 hahemus
639 547 675 591 m
691 524 759 590 hoc
777 540 899 590 nostro
913 521 1103 590 Dicaearchi
1118 520 1210 617 frag-

188 647 282 697 mento
292 628 420 696 verba
410 628 519 721 ipsius
531 626 721 697 Dicaearchi
736 627 804 694 huc
822 627 1024 719 spectantia.
1044 616 1109 693 Vel
1128 627 1211 694 inde

188 725 385 851 intelligimus
404 748 486 799 non
503 730 622 799 omnia
630 753 733 822 ,quae
752 730 797 796 de
817 745 936 797 monte
957 726 1055 797 Pelio
1076 730 1212 821 scripsit

189 828 445 917 Dicaearchus,
435 858 473 902 m
501 836 568 903 hoc
596 833 667 930 legi
693 831 901 929 fragmento.
933 832 1062 901 Merito
1093 850 1210 901 autem

190 937 440 1020 observandum,
459 961 526 1031 pro
546 954 666 1006 monte
686 936 886 1028 simpliciter
906 934 1070 1003 altissimo
1091 934 1209 1005 haberi
1300 992 1302 999 ι

191 1040 395 1111 tDrccarcho
408 1060 565 1111 montem
578 1038 716 1132 Pelion.
733 1038 817 1107 Non
831 1058 945 1108 autem
961 1036 1120 1122 Graeciae,
1135 1064 1209 1109 non
1244 1052 1247 1069 ‘

144 1137 147 1146 '
191 1142 355 1227 Thessahae,
365 1162 407 1213 ut
416 1162 518 1214 antea
529 1143 807 1224 docuerat,1nter
819 1140 1057 1245 Peloponnesi
1071 1161 1208 1214 montes
1249 1188 1252 1195 ·

193 1245 361 1316 altissimum
382 1248 493 1318 fuisse
510 1244 703 1367 Cyllenen.
730 1244 807 1315 Cur
832 1245 919 1314 illud
947 1254 1047 1315 vero.
1069 1244 1209 1340 Nempe

194 1350 393 1440 quiaillorum
408 1352 598 1434 montium,
608 1372 760 1443 quorum
774 1348 990 1419 altitudinem
1005 1374 1208 1443 permensus

194 1471 246 1534 est,
259 1455 449 1525 altissimum
469 1472 642 1549 repererat
657 1455 733 1547 ipse
748 1452 979 1522 Dicaearchus.
998 1452 1208 1533 Permensus
1279 1502 1282 1513 ·

194 1574 283 1625 autem
299 1576 346 1627 est
364 1582 440 1629 non
457 1560 561 1627 unius
576 1557 817 1637 tantummodo
835 1557 1018 1627 alteriusve
1033 1558 1206 1654 regionis,
1235 1600 1238 1613 .

122 1669 129 1693 .
195 1661 241 1726 sed
251 1685 310 1752 qua
321 1663 460 1755 patebat
478 1662 598 1731 saltem
616 1662 801 1754 imperium
823 1654 1100 1731 macedonicum.
1114 1662 1207 1731 Hoc

194 1763 264 1831 enirn
274 1784 347 1847 erat,
361 1767 398 1834 ni
409 1766 522 1849 fallor,
533 1768 630 1857 quod
642 1764 782 1834 volebat
795 1762 949 1849 Plinius,
962 1788 1043 1833 cum
1059 1766 1205 1849 diceret,

193 1886 289 1961 regum
309 1893 389 1938 cura
416 1888 553 1939 montes
574 1867 682 1938 finisse
701 1892 936 1961 permensum.
967 1868 1083 1965 Reges
1110 1871 1205 1939 enim

192 1965 328 2040 intellexit
342 1972 543 2067 Philippum
561 1970 735 2041 Aridaeum
753 1968 942 2041 Alexandri
967 1974 1021 2041 Μ.
1043 1970 1204 2056 fratrem,

191 2088 247 2140 una
257 2097 323 2143 cunr
333 2079 490 2166 ejusdem
503 2075 691 2145 Alexandri
702 2074 794 2158 filio,
807 2076 873 2145 suh
888 2076 1016 2168 quibus
1032 2078 1204 2147 montium

191 2177 412 2267 metiendorum
439 2202 556 2250 curam
587 2180 777 2272 susceperit
798 2179 1029 2249 Dicaearchus.
1053 2178 1095 2248 Et
1122 2205 1206 2251 sane
1275 2226 1278 2235 ι

190 2292 248 2345 turn
256 2298 401 2377 tempora
413 2302 511 2353 erant
523 2282 955 2378 pacatissima,studiisque
967 2284 1207 2372 hujuscemodi

190 2381 348 2471 aptissima,
364 2410 445 2456 cum
466 2390 625 2462 nondum
646 2410 741 2456 arma
756 2388 791 2456 in
808 2411 845 2456 se
857 2387 1110 2455 convertissent
1122 2387 1206 2457 Ale-

187 2488 285 2557 xandri
303 2493 428 2575 duces,
451 2494 514 2560 sed
537 2514 629 2560 unos
653 2478 866 2582 eosdemque
892 2490 1056 2558 dominos
1081 2514 1206 2563 omnes

182 2610 401 2684 agnoscerent.
420 2594 471 2663 lta
490 2617 575 2693 ergo
597 2596 626 2664 si
646 2618 700 2664 res
723 2593 898 2677 habuerit,
921 2612 972 2662 est
987 2618 1069 2663 sane
1086 2596 1205 2665 verisi-

179 2693 498 2789 millimum‘montes
522 2720 703 2767 emensum
726 2698 920 2797 regionum·
933 2699 1107 2779 omnium,
1128 2722 1206 2791 quae

176 2779 320 2870 dominos
336 2802 553 2871 Macedones
570 2802 810 2899 agnoscebant
822 2800 1091 2871 celeberrimos:
1083 2799 1206 2871 ·Grae·

175 2901 358 2975 ciaescilicet
369 2905 534 2978 latissime
541 2924 671 2988 sumtae,
686 2904 857 2998 Asiaque.
872 2906 967 2989 Hinc
979 2930 1065 3002 ergo
1082 2907 1205 2991 hausit,

172 3026 204 3073 ιιι
196 2992 323 3090 'fallis
337 3008 471 3078 Plinius
484 3032 563 3101 quae
574 3009 675 3079 habet
688 3012 749 3078 de
748 3009 901 3106 regionis
912 3012 1085 3101 cujusque
1102 3034 1204 3079 mon-

171 3108 281 3183 libus:
273 3112 423 3183 ·saltem
445 3112 542 3182 libris
556 3113 640 3181 illis
645 3134 795 3205 quorum
820 3113 987 3232 catalogis
1012 3136 1202 3209 gracorum

166 3232 335 3285 auctorum
354 3217 504 3310 occurrit
514 3240 645 3286 nomen
659 3216 862 3297 Dicaearchi,
882 3216 1015 3308 quique
1027 3240 1100 3285 rem
1115 3242 1203 3314 geo-

161 3320 557 3416 graphicam‘tractantex
568 3319 738 3413 professo.
753 3319 1004 3412 Convenitque
1016 3323 1095 3392 satis
1107 3344 1205 3398 accu-

158 3442 231 3495 rtte.
252 3424 364 3494 Libro
386 3424 502 3517 operis
525 3424 671 3493 mirandi
691 3428 757 3493 111⁰
782 3422 1203 3521 (qui1”³geographicus

22 3486 27 3706 ι
156 3528 415 3627 estimontesin
425 3550 567 3596 censum
576 3528 859 3599 venisseconstat
869 3552 912 3597 ex
922 3528 1011 3597 illius
1020 3530 1096 3597 libri
1105 3554 1206 3625 argu-

151 3654 284 3720 mento,
297 3657 377 3729 qua
389 3631 480 3700 libro
490 3631 605 3725 operis
625 3658 635 3699 ι
644 3632 756 3700 ⁰illud
769 3631 985 3728 designavit
976 3656 1050 3725 rpse
1060 3632 1202 3702 Plinius.

24 3445 26 3482 l

23 3731 24 3806 l
146 3742 237 3816 Libro
249 3741 262 3835 l
271 3734 413 3833 inquit)
428 3752 476 3803 111
505 3749 699 3805 continentur
706 3740 791 3803 situs
791 3753 924 3834 ,genten
942 3742 1048 3805 maria
1050 3736 1202 3831 oppida)

136 3868 252 3945 prrtrts,
271 3859 407 3916 montes
424 3847 486 3908 &c
507 3856 542 3909 et
554 3841 590 3907 in
609 3837 682 3909 fine
697 3840 855 3909 meminit
869 3844 1019 3909 montium
1030 3838 1204 3934 preclaro-
