2834 4659
458 387 532 449 ,rar
560 382 834 438 salomonum,
1074 328 1081 348 Ι
1116 376 1181 469 545·

137 488 236 566 dvm
255 482 289 560 ¹Ji
309 481 358 545 cillo
385 477 456 547 moia
477 478 596 566 aalma
614 504 684 562 φησι.
705 482 795 562 Quas
821 487 1010 567 reponendas
1026 488 1058 551 ln
1077 494 1188 575 AEgaeo

139 576 216 634 mari
228 586 258 633 et
269 567 486 652 circaScyrum
498 568 645 645 insulam,
656 568 736 631 male
747 565 879 632 credidit
889 570 1060 649 Berkelins,
1069 599 1100 661 p.
1112 595 1188 660 302.

142 656 265 739 Nempe
290 676 359 716 eum
376 652 464 715 latuit
482 652 532 717 hic
554 648 743 716 Stadiasmus
766 670 886 729 noster,
906 659 962 737 qni
978 656 1077 723 lucem
1101 662 1187 727 alteri

131 734 212 802 vloco
231 737 378 821 Stephani
392 737 527 818 ejusdem
541 759 611 801 voc.
631 731 770 815 diliana,
795 736 914 800 adfert:
931 738 990 801 ein*
1006 740 1039 803 dl
1056 744 1105 807 ot
1120 743 1188 813 Μ’.
1265 786 1268 791 .

138 822 190 896 dic
208 818 286 893 mele
302 822 338 903 ‘rit‘
355 816 433 901 Evsptp
453 820 534 905 (leg.
555 818 628 891 meis
643 817 679 900 syl
702 819 796 902 Συρίᾳ
815 821 866 883 vel
888 815 977 905 Xtipt‘ot
994 822 1069 907 fik
1089 852 1187 917 neque

140 906 300 988 adjecisset
316 905 433 969 Berlel.
448 928 478 989 p.
493 924 550 989 301
567 950 576 981 ,
601 906 637 968 de
647 908 710 967 situ
723 928 822 967 omnes
834 904 942 985 silent„
964 929 1063 993 neque
1073 934 1189 979 emen·

141 990 240 1054 (lasset
258 1013 327 1075 pag.
348 1011 409 1074 seq.
428 986 554 1070 meist?
573 982 677 1071 Σκίρῳ.
698 988 764 1051 Has
785 989 937 1073 Didymos
952 1002 1189 1077 praetermittunt

140 1075 309 1151 Cellarius,
322 1075 505 1137 Mannertus
526 1094 575 1135 ue.

185 1158 333 1221 Ceterum
348 1180 415 1222 non
431 1096 525 1221 semel
538 1158 587 1219 hic
606 1160 745 1221 concinit
758 1162 864 1221 'noster
880 1180 952 1222 cunt
972 1161 1187 1244 Artemidoro,

140 1243 226 1306 unde
241 1242 328 1327 plura
344 1240 444 1306 forsan
461 1245 583 1305 sumsit,
594 1242 673 1303 Mox
687 1240 727 1304 ad
741 1251 770 1317 s.
795 1249 871 1388 pyri,
889 1264 998 1308 auctor
1012 1246 1153 1313 laudatur
1169 1276 1187 1316 a

141 1326 295 1391 Strabone
308 1324 537 1401 Artemidorus,
554 1325 593 1389 de
610 1347 739 1388 numero
753 1342 799 1389 sta
821 1330 937 1401 iorum,
954 1351 1047 1414 quem
1065 1335 1189 1401 exhibet

138 1416 245 1475 'noster
261 1432 385 1495 quoquc
403 1432 422 1473 a
440 1408 573 1493 Pyramo
592 1409 631 1473 ad
653 1408 754 1475 Solos.
768 1410 810 1473 Et
831 1420 859 1485 S.
877 1432 954 1499 119,
979 1437 1074 1499 quom
1094 1420 1188 1487 Carni

139 1499 314 1559 meminerit
325 1512 443 1567 noster,
458 1492 670 1557 Artemidorus
681 1518 759 1557 unus
772 1512 819 1557 est
834 1518 956 1575 eorum,
972 1505 1026 1583 qui
1042 1502 1120 1567 hanc
1133 1506 1188 1569 ad·
1290 1553 1292 1556 ,

52 1582 54 1589 ’
161 1578 338 1643 ellationem
359 1578 533 1642 adhibuisse
552 1584 752 1663 reperiuntur.
774 1578 838 1642 Sed
855 1600 974 1657 noster,
993 1594 1020 1659 s.
1038 1588 1112 1667 187,
1128 1589 1189 1653 Ci-

138 1603 219 1727 liciae
236 1667 400 1727 terminum
413 1662 611 1727 Coracesium
633 1660 776 1727 faciendo
785 1710 795 1739 ,
810 1665 925 1729 recedit
938 1667 978 1730 ab
989 1673 1188 1737 Artemidoro

140 1772 189 1834 ap.
209 1747 310 1811 Strab.
321 1770 351 1831 p.
364 1746 436 1834 986,
456 1747 598 1826 C,cujus
617 1746 938 1813 CiliciaaCelenderi
954 1757 1073 1838 incipit.
1092 1757 1189 1822 Cete-

139 1856 208 1895 rum
220 1832 324 1897 floruit
334 1832 546 1895 Artemidorus
564 1851 622 1895 100
633 1830 694 1895 fere
706 1835 794 1893 annis
805 1851 877 1897 ante
893 1834 1071 1915 Christum,
1083 1859 1113 1903 et
1123 1842 1188 1907 duur

138 1938 204 1983 esse
222 1921 321 2001 pothit
336 1915 505 1979 scribendae
521 1920 673 1997 compagis
688 1918 911 1998 geographicae,
930 1943 1022 2003 quam
1042 1922 1188 1991 Straboni

136 2004 325 2072 anteriorem
343 2022 405 2063 esse
418 2004 449 2063 in
468 1998 647 2083 praefatione
665 2016 767 2061 nostra
780 2022 828 2061 sus
849 2005 924 2073 icati
939 2004 1060 2071 fuimus.

190 2106 258 2169 151.
280 2085 408 2168 Maiori]
427 2085 480 2149 De
492 2106 551 2169 qua
566 2083 639 2147 vide
654 2101 755 2146 nostra
767 2082 807 2148 ad
821 2022 943 2167 Scylac.
953 2111 983 2171 p.
996 2090 1068 2169 487.
1078 2093 1189 2173 Adde,

137 2169 228 2253 quod
238 2170 438 2247 Mannertus,
455 2186 513 2245 vl,
532 2186 582 2243 11,
599 2191 636 2255 59
650 2204 659 2215 -
675 2166 735 2242 61,
754 2165 917 2251 Scylacem
934 2180 1041 2235 erroris
1057 2180 1187 2243 insimu÷

138 2254 267 2331 laverit,
283 2254 462 2317 scribentem
481 2274 549 2337 pag.
567 2269 639 2333 301,
661 2256 987 2335 navigationesursum
1005 2261 1036 2318 in
1057 2258 1188 2341 Pyramo

138 2338 239 2403 fluvio
257 2338 355 2413 facta,
374 2337 413 2399 ad
429 2338 561 2401 Mallum
574 2355 665 2401 naves
678 2335 836 2414 devenire,
854 2334 892 2408 εἰς
906 2335 935 2405 tir
949 2340 962 2399 ὁ
977 2338 1099 2421 brinate
1116 2349 1190 2410 marl

140 2420 183 2487 ruit
200 2420 312 2503 mtuptt'r
323 2463 332 2493 ,
351 2422 425 2484 dum
444 2422 541 2485 fluvio
584 2426 744 2485 erveniant
761 2443 824 2483 non
849 2421 890 2484 ad
904 2423 1056 2501 Mallum,
1080 2421 1132 2491 sed
1147 2432 1188 2495 ad

138 2504 252 2571 urbem
267 2506 422 2571 Adanam.
438 2505 539 2569 lntmo
558 2444 741 2569 Ptolemaeus
759 2504 893 2570 collocat
914 2507 1047 2571 Mallum
1069 2503 1091 2572 2‘
1113 2518 1189 2580 mill.
1292 2552 1296 2559 -

142 2590 348 2657 adorientem
365 2591 475 2667 fluvii,
493 2610 524 2653 et
539 2590 622 2653 idem
632 2594 739 2655 innuit
752 2589 882 2665 Strabo,
899 2613 967 2675 pag.
977 2610 1050 2677 993.
1068 2596 1189 2663 Laudat

113 2740 118 2745 ,
142 2694 248 2741 tamen
268 2680 313 2739 vir
329 2676 367 2739 cl.
382 2674 514 2751 Melam,
527 2691 559 2750 1,
587 2694 620 2759 ¹3
640 2700 658 2755 a
669 2676 817 2759 Pyramus
832 2676 975 2738 Mullum
990 2686 1189 2765 proetefiuit=,·
1229 2688 1231 2692 ’

140 2760 200 2823 sed
211 2761 278 2824 vult
289 2758 613 2844 illeutriusqueyerba
630 2760 776 2842 intelligi,
793 2763 981 2843 quasinaves
999 2767 1192 2846 pervenirent
1228 2838 1230 2840 ‚
1319 2773 1326 2783 ”

144 2843 188 2927 acl
206 2846 380 2929 Margum,
408 2848 577 2929 emporium
596 2844 687 2906 Malli
709 2842 801 2908 urbis.
821 2842 901 2906 Haec
924 2848 995 2907 satis
1017 2850 1190 2931 ingeniosa,

143 2934 255 3012 parum
271 2929 381 3014 probat
392 2929 548 2993 Tzschuk.
564 2927 604 2993 ad
619 2928 697 2990 Mel.
711 2925 744 3003 l,
757 2944 821 2989 not.
835 2948 919 3013 exeg.
934 2951 965 3011 p.
975 2936 1055 3012 405,
1069 2951 1103 2997 at
1115 2938 1192 3002 nihii

145 3018 212 3095 ipse
225 3013 396 3077 concludit.
414 3013 477 3077 Sed
494 3016 610 3075 nemini
629 3010 730 3075 forsan
747 3028 883 3075 ueterum
901 3014 1194 3095 exprobrandus'est

117 3136 120 3143 ·
141 3118 239 3161 error.
259 3098 374 3161 Mallus
387 3102 430 3160 ita
445 3120 463 3160 a
481 3098 611 3180 Pyramo
628 3095 779 3171 distabat,
797 3102 831 3158 ut
844 3095 897 3158 alii
919 3118 986 3158 eam
1006 3099 1192 3188 fluvtoipro-

143 3184 279 3259 trimam,
298 3183 357 3249 alii
372 3182 412 3243 ab
431 3204 468 3245 eo
486 3182 679 3244 recedentem
700 3179 802 3243 dicere
822 3185 996 3263 potuerint,
1018 3196 1191 3272 eomagi's,

140 3264 251 3351 quod,
270 3284 305 3328 ut
318 3270 362 3329 ait
379 3267 708 3348 Mannertus,portum
725 3268 757 3327 in
774 3262 870 3327 iluvio
886 3269 951 3347 ipso
966 3266 1036 3332 urbs
1049 3270 1190 3337 haberem

144 3348 307 3412 -Stadia
327 3370 385 3413 roo
401 3372 463 3413 esse
479 3372 497 3411 a
512 3348 658 3432 Didymis
671 3349 712 3411 ad
728 3348 877 3425 Mallum,
892 3347 1011 3411 facilius
1025 3356 1203 3441 intelligat„

140 3444 172 3503 si
199 3438 278 3497 ostia
295 3434 417 3517 Pyrami
442 3451 472 3498 et
490 3434 602 3497 insulas
621 3432 776 3517 Didymus
801 3434 998 3509 collocaveris
1015 3441 1097 3511 circa
1116 3442 1189 3505 hod.

141 3520 333 3589 Koradasch.
355 3516 406 3581 Cf.
425 3536 528 3582 nostra
546 3518 586 3581 ad
604 3530 627 3589 ς.
648 3518 718 3597 148.

190 3624 258 3690 152.
278 3598 437 3689 'Arno'yprou
454 3600 502 3665 t'rrl
515 3597 664 3681 nimos.
678 3647 685 3662 .
699 3602 730 3685 .]
755 3600 861 3677 Quam
879 3600 985 3691 laudat
1003 3608 1099 3688 etiam
1115 3608 1192 3671 Ste-

144 3688 289 3771 phanus:
309 3684 469 3775 ’Arno‘ypm
483 3733 511 3748 ..
528 3677 590 3750 ἕκτη
599 3682 754 3763 ‚tandm
766 3682 810 3766 ἐπὶ
824 3680 852 3745 ri
866 3683 1008 3766 Πυρρᾲικς
1023 3689 1075 3751 sed
1090 3693 1192 3756 nullus

44 3844 53 3853 ,
140 3772 240 3847 alius,
252 3789 286 3833 ut
299 3777 342 3837 ait
353 3774 534 3835 Mannertus
545 3770 565 3834 l.
578 3793 604 3832 c.
618 3791 645 3853 p.
658 3770 710 3831 61.
722 3767 870 3831 Ceterum
880 3767 920 3832 de
930 3771 1082 3835 scribendi
1094 3774 1192 3841 forma

139 3853 195 3917 ini
207 3849 343 3934 Πάμμων
358 3856 396 3921 cf.
413 3879 443 3939 p.
456 3854 518 3935 418
526 3901 536 3931 ,
547 3843 803 3917 init-Minime
814 3852 925 3918 distare
941 3860 1041 3939 potuit
1061 3878 1118 3940 ¹5⁰
1131 3881 1192 3924 sra-

144 3938 209 4001 diis
226 3940 341 4003 Mallus
360 3962 377 4003 a
396 3940 526 4025 Pyramo
541 3966 550 4003 ε
565 3937 635 4002 fort.
651 3937 708 4023 leg.
723 3931 805 4023 alal,
820 3933 853 3999 r'.
1063 3976 1067 3984 ‚
1097 3968 1101 3976 ⁴
1141 3939 1145 3977 ἕ

245 4047 301 4101 Π.
965 4048 1039 4098 Mm

543 4094 556 4123 Ι
