2834 4659
227 291 239 320 ,
592 311 593 314 ,

204 417 215 448 χ
388 372 578 443 EiusQuss·
593 380 863 433 FRAGMENTIS.
1105 392 1143 458 31

34 475 35 480 ἵ
126 486 202 555 didit·
212 484 440 558 Democritus.
466 481 607 574 Σννᾷνισύ
626 480 765 579 mirque}
793 479 989 576 utureiappeto'
1015 502 1149 565 sseemrt-
1233 546 1236 558 ,

128 581 227 672 nuti,
249 589 361 680 inquit
377 590 469 656 idem
492 588 756 692 Agathemerus.
776 590 820 659 Et
841 609 936 659 terrae
959 590 1152 687 longitudi-

128 716 194 761 nem
210 694 297 761 idem
318 708 461 761 testatur
475 694 727 789 Agathemerus
747 692 925 785 duplicem
941 691 1065 763 fecisse
1080 696 1153 765 iati-

128 796 236 885 tudinis
259 796 457 864 Dicaearcho
478 797 582 889 pauio
609 798 781 865 seniorem
806 798 1002 865 Eudoxum.
1027 796 1152 868 Postea

127 900 207 967 addit‘
216 899 343 991 duplici
364 902 530 990 majorem
551 895 679 970 fecisse¹
693 900 957 970 Eratosthenem
971 926 980 980 ;
997 905 1153 971 semicir-

129 1000 480 1083 earnemcarnem
507 1003 699 1090 mansfredi
724 1004 991 1097 Hipparchum3
1021 1002 1154 1090 sivardi

127 1106 211 1185 alios3
230 1108 381 1199 denique
393 1107 593 1187 consummi
610 1107 842 1177 Posidonium
861 1108 1026 1191 stoicum,
1043 1133 1150 1203 quem

128 1212 259 1300 sequitur
272 1210 464 1303 Dionysius
477 1210 690 1306 Periegetes.
712 1211 797 1279 Haec
814 1234 942 1305 nempe
961 1216 1080 1284 otnnia
1098 1216 1152 1283 di·
1212 1221 1217 1229 ’

125 1312 193 1380 dicit
206 1338 224 1381 e
238 1313 361 1383 tabuiis
379 1331 474 1385 terrae
488 1310 742 1383 universaiihus
757 1338 822 1407 pro
838 1317 962 1383 horum
977 1318 1150 1411 cujusque

125 1412 271 1487 'sententiis
287 1418 518 1487 *concinnatim
542 1418 741 1488 Discrimen
760 1437 879 1509 autemv
900 1422 1149 1493 sententiarum

125 1522 302 1617 progressui
325 1522 405 1590 artis
430 1523 672 1619 geographicae
694 1522 919 1591 tribuendum
942 1542 1037 1605 erut,
1073 1549 1150 1618 quae

123 1622 187 1714 ipsa
196 1626 418 1696 recentiorum
429 1625 706 1723 navigationibus
718 1626 855 1695 exculta
868 1646 931 1696 est.
945 1626 1052 1697 Dedit
1064 1652 1150 1725 ergo

123 1724 322 1799 Dicaearchus
343 1728 494 1815 tabuias,
515 1751 581 1822 pro
602 1753 667 1802 suo
689 1748 812 1823 captu,
836 1730 1066 1813 universalem
1087 1737 1149 1802 sed

34 1891 35 1900 ,
123 1829 318 1923 imperfectas
332 1833 424 1916 ilias,
454 1834 982 1927 pr0.statuc0aevae1Dicaarch0
999 1860 1149 1935 geogra-

123 1934 206 2023 phiae.
231 1935 296 2006 Vei
321 1937 401 2006 hinc
424 1938 600 2007 verissima
624 1938 899 2033 comprobantur
921 1963 999 2033 quae
1020 1964 1086 2009 nos
1105 1945 1150 2011 de

123 2040 322 2135 geographiae
337 2041 459 2110 veteris
476 2042 674 2135 nupeiiori',
695 2059 803 2134 'quam
819 2040 1003 2113 Gronovio
1021 2045 1149 2137 placet,

122 2140 204 2209 cuitu
225 2147 265 2212 ad
286 2142 463 2236 Scylacem
491 2145 756 2237 disputavimus.
771 2146 973 2216 ·Verissima
1003 2172 1150 2242 quoque

121 2266 184 2333 quae
198 2248 238 2314 de
251 2250 406 2338 ejusdem
422 2248 502 2318 artis
516 2249 633 2332 cuitu,
655 2250 718 2341 qui
732 2272 793 2342 per
812 2252 1069 2345 navigationem
1086 2252 1149 2320 Ti·

34 2407 35 2442 3
123 2350 293 2420 mosthenis
319 2352 521 2432 accesserit,
545 2354 607 2444 qui
632 2349 765 2422 medius
789 2354 872 2423 'vixit
892 2354 982 2423 inter
1000 2354 1148 2424 Dicaear-

34 2475 35 2556 ᾗ
123 2449 211 2519 chum
229 2473 332 2547 atque
355 2456 630 2530 Eratosthenem.
649 2458 759 2526 Hunc
778 2457 874 2525 enim
895 2480 960 2549 pro
979 2460 1150 2527 sententia
1199 2499 1206 2541 ι

34 2559 35 2634 ξ
122 2574 174 2621 sua
192 2570 306 2626 testem
327 2561 492 2641 adduxit,
520 2583 591 2653 qua
612 2562 755 2652 quidem
782 2584 801 2629 a
822 2563 1044 2657 decessorum
1069 2586 1150 2633 sen·
1185 2600 1190 2605 ·

34 2671 35 2718 t
119 2659 215 2729 tentiis
227 2663 462 2755 discrepabat,
474 2664 548 2755 ipse
563 2661 808 2734 Eratosthenes
823 2710 832 2746 ‚
849 2666 877 2733 si
893 2668 1036 2757 quidem
1054 2668 1149 2737 Mar·

119 2759 203 2831 ciano
217 2766 392 2836 credimus
409 2767 633 2836 Heracleotae.
655 2766 723 2837 Sed
744 2786 817 2865 non
843 2770 908 2836 hoc
928 2770 1065 2867 agimus
1081 2772 1147 2839 im-

34 2881 35 2928 }
118 2870 358 2953 presentiarum
378 2894 421 2939 ex
436 2870 606 2963 professu·
624 2870 710 2968 ¹Hauc
725 2890 840 2940 autem
858 2895 900 2940 eo
922 2875 1071 2943 consilio
1088 2878 1150 2944 ad-

34 2983 35 2992 ’
117 2966 291 3057 duximus,
328 2992 368 3042 ut
392 2966 654 3043 ostenderemus
678 2998 784 3067 quam
811 2994 890 3067 apte
914 3000 995 3045 cum
1023 2978 1149 3048 tabulis

34 3073 35 3120 ἐ
116 3067 284 3151 Dicaearchi
305 3078 510 3146 conveniret
531 3080 598 3147 hoc
620 3083 711 3172 opus
729 3078 884 3148 versibus
904 3080 947 3147 ab
966 3081 1043 3174 ipso
1064 3104 1150 3151 con:

34 3177 35 3264 ἦ
115 3194 258 3284 ceptum,
278 3204 364 3251 cum
378 3179 480 3250 fuerit
488 3182 623 3275 ipsum,
641 3184 768 3277 pariter
782 3206 822 3251 ac
834 3182 914 3263 iiiae,
940 3185 1149 3259 universale.

114 3275 275 3353 Memoriae
293 3303 411 3353 autem
431 3303 471 3354 ut
482 3286 697 3370 consuleret,
723 3288 792 3355 haec
811 3288 987 3380 scripsisse
1003 3289 1150 3359 Dicaear-

34 3389 35 3471 ᾖ
113 3380 202 3452 chum
220 3388 327 3458 verba
342 3391 423 3479 ejus
438 3390 629 3458 ostendunt
645 3390 719 3482 (vs.
744 3390 811 3484 19)
834 3418 841 3457 :
1030 3388 1034 3396 '

301 3535 382 3614 ‘sse'
402 3546 574 3615 nemetim
591 3547 635 3625 χρ)
653 3548 703 3616 nd
716 3545 829 3631 mrim
842 3541 926 3638 ἔχων.
1008 3618 1011 3625 ,

34 3669 35 3694 i
111 3688 180 3764 Vox
204 3692 399 3769 annatim
423 3700 466 3766 ad
489 3696 620 3766 tabulas
643 3684 788 3789 spectat.
806 3696 926 3789 'quue
952 3698 1082 3785 voiuit‚
1113 3722 1150 3772 ut

34 3863 35 3892 ζ
111 3799 242 3888 opinor,
254 3824 340 3871 cum
354 3824 472 3871 verum
489 3801 617 3884 situtm‘.
641 3802 786 3913 stiptis
796 3800 839 3869 in
854 3824 995 3870 manum
1009 3804 1150 3891 tabuiis,

110 3899 298 3991 didicisset,
332 3922 373 3974 ut
396 3904 464 3973 ioci
484 3927 616 3976 nomen
642 3926 806 3997 versuum
827 3907 950 3976 horum
978 3904 1150 3979 beneficio
1242 3932 1253 3945 ‘
