2834 4659
405 372 581 437 atusout
609 370 878 434 ruscnsnrrs.
973 432 976 438 ,
1117 383 1155 447 55

150 478 259 549 Graeciae
279 500 340 547 seu
365 475 599 571 compedibus
616 500 679 545 seu
702 476 859 549 ciavibus
891 474 990 567 (nam
1016 494 1163 569 utroque

150 578 605 673 modoioquunnarauctores)
618 581 824 651 accensitam
839 566 1178 671 constatePoiybio'
1213 616 1226 639 ·
1284 574 1287 581 ’

150 703 174 754 et
195 683 356 756 Strabone.
384 683 494 769 Quod
521 683 652 751 scilicet
676 705 739 776 per
765 682 857 751 iilam
888 683 999 753 aditus
1022 683 1163 779 regibus

150 787 353 871 daemonicis
365 806 503 880 apertus
515 786 767 879 expeditusque
779 786 974 878 patueritin
984 781 1162 855 Graeciam.

148 891 230 960 Hanc
244 914 326 987 ergo
342 892 460 962 situm
476 889 654 962 struxisset
666 888 885 971 Demetrius,
904 912 977 959 non
993 888 1164 981 potuisset

148 991 345 1071 Cassander
334 1018 432 1088 tpsos
454 993 533 1062 iilos
554 993 669 1063 aditus
689 1014 869 1085 occupare.
893 992 970 1061 Nec
990 1009 1081 1061 esset
1101 1016 1163 1063 cur

146 1098 201 1165 de
191 1098 299 1172 ninere
317 1098 471 1191 pedestri
488 1095 687 1194 Demetrius
703 1098 913 1188 desperaret.
933 1094 1033 1173 Voce
1047 1112 1162 1167 tamen
1221 1132 1223 1137 ·

147 1193 238 1270 c'a'd'rs
244 1225 324 1272 usus
345 1219 399 1269 est
414 1199 605 1269 Diodorus.
623 1197 708 1268 Post
720 1200 847 1268 caedem
867 1216 926 1291 pat
912 1199 972 1281 tris
990 1196 1163 1296 Antigoni

35 1374 39 1385 ‚
145 1326 276 1374 reversus
287 1328 325 1373 ιιι
337 1300 516 1375 Graeciam
520 1302 734 1381 Demetrius,
754 1302 870 1372 minus
878 1324 1161 1395 mquamexspec
1190 1324 1197 1343 ι

146 1423 267 1489 armat,
286 1424 406 1503 gratos
431 1402 580 1477 offendit
603 1404 851 1487 Athenienses,
872 1422 907 1473 et
929 1402 1163 1478 deficientias

146 1532 174 1576 se
189 1512 227 1577 ad
248 1510 362 1582 hostes
377 1533 441 1579 sua
459 1507 623 1602 praesidia.
642 1505 809 1577 Graeciam
830 1532 915 1603 ergo
935 1530 1049 1581 rursus
1066 1508 1161 1581 brevi
1235 1528 1242 1549 ‘
1277 1562 1280 1572 .

144 1611 257 1703 reliquit
268 1611 468 1690 Demetrius
479 1612 698 1684 commissam
717 1611 828 1681 tuteiae
841 1610 977 1703 Pyrrhi,
990 1613 1091 1701 cuius
1106 1634 1168 1706 so·¹

144 1736 234 1783 rorem
261 1714 480 1792 Deidamiam
505 1716 543 1784 in
569 1714 827 1788 matrimonium
852 1732 1042 1807 acceperat.
1073 1712 1160 1784 Inde

144 1814 308 1906 Lysimachi
319 1820 488 1889 ditionem
501 1819 539 1888 in
550 1816 774 1893 Chersoneso
786 1816 937 1893 infestat.
954 1818 1042 1887 Mox
1054 1814 1159 1890 filiam

143 1915 332 2001 Stratonicen
347 1919 494 1991 Seleuco
510 1921 669 2011 collocat.
689 1920 767 1991 Nec
783 1940 884 1991 antea
900 1921 999 1994 rediit
1014 1922 1051 1991 in
1068 1916 1160 1991 Grat-

144 2022 228 2105 ciam,
238 2048 340 2117 quarn
352 2026 540 2099 Lacharem
556 2026 689 2098 audiret
701 2024 964 2099 Atheniensium
980 2025 1160 2115 tyrannide
1187 2095 1190 2099 .

35 2149 36 2154 ι
74 2144 83 2167 =
143 2126 286 2216 potitum
298 2128 420 2200 Tum·
409 2152 446 2199 rn
465 2128 564 2203 illurn
576 2151 672 2204 arma
687 2128 870 2197 convertit.
888 2126 1025 2197 Perdita
1043 2144 1159 2200 autem

143 2228 299 2329 anagn>
311 2232 454 2313 classe,
458 2254 586 2302 novam
603 2229 791 2305 conscribit
807 2254 826 2299 e
843 2230 1108 2323 Peloponneso,
1127 2250 1162 2301 et

146 2332 307 2403 Messenen
319 2335 467 2416 ohsrdet,
478 2336 606 2405 demde
617 2334 763 2403 Attrcam
775 2356 961 2429 aggressus
973 2332 1158 2407 Lacherem

146 2429 233 2529 firgat.
256 2438 353 2507 Urhe
374 2456 489 2514 autem
514 2438 551 2507 in
575 2436 680 2507 fidem
705 2458 802 2505 suam
827 2453 963 2528 recepta
986 2436 1158 2505 Musaeum

140 2539 408 2625 presidiomunit.
423 2540 509 2610 Haec
521 2564 587 2610 nos
596 2540 726 2633 olymp.
741 2556 830 2620 cxx,
845 2562 879 2618 2,
893 2528 1169 2635 assignavimus!

143 2637 212 2711 Inde
221 2642 417 2739 inSpartam
431 2669 621 2715 conversus
631 2668 743 2736 usque
753 2646 796 2711 ad
804 2662 949 2712 mortem
958 2642 1159 2727 Cassandri,

141 2765 226 2833 quarn
244 2772 310 2820 nos
336 2749 465 2841 olymp.
488 2767 586 2842 cxx,
610 2748 938 2843 ,3,assignavimus.
960 2746 1044 2821 Hatc
1060 2746 1159 2817 ilium
1219 2772 1221 2775 ·

141 2868 324 2942 occupatum
350 2870 548 2944 renuentum
571 2850 779 2937 dum„‚frliis
794 2848 990 2922 Cassandri
1009 2850 1158 2921 invicem
1258 2908 1262 2916 .

138 2949 379 3043 dissidentibus,
393 2978 510 3025 ansam
529 2956 613 3035 inde
630 2955 800 3048 acciperet
815 2954 1026 3047 occupandae
1043 2954 1161 3030 Mace-

138 3052 249 3125 donia.¹
273 3058 466 3151 Hucusque
492 3078 596 3128 certe.
616 3057 702 3146 infra
721 3055 821 3131 ¹fines
849 3054 988 3128 Graecia
1015 3054 1160 3141 clauso,
1201 3106 1207 3113 -

134 3158 228 3228 otium
252 3180 323 3233 erat
351 3162 487 3231 nulium
510 3164 686 3241 condendi
712 3160 981 3236 Demetriadem·
1010 3158 1093 3229 Ex
1084 3184 1161 3252 rpso

135 3258 212 3341 tilius
223 3288 301 3345 cum
318 3255 515 3335 Alexandro
528 3288 718 3366 congressu
731 3262 950 3343 anarrifestum
966 3280 1036 3346 est,
1049 3262 1164 3339 Thes-

134 3363 236 3441 satam
260 3392 402 3442 omnem
428 3386 502 3437 ιιιιιι
515 3359 627 3471 fuisse
649 3392 758 3467 penes
783 3370 1009 3445 Macedonas.
1034 3364 1161 3443 Unde-

132 3487 256 3561 qttaque
278 3496 366 3570 ergo
390 3492 546 3552 constat,
570 3474 658 3542 hanc
675 3470 797 3544 urbem
820 3495 838 3539 a
858 3470 1035 3546 Demetrio
1059 3488 1161 3543 antea

131 3591 170 3637 ne
188 3577 288 3659 condi
308 3578 454 3669 quidem
470 3577 624 3669 potuisse
645 3598 752 3667 qnam
772 3592 862 3645 esset
882 3574 918 3641 in
940 3573 1163 3666 possessione

130 3671 341 3749 Macedoniae.
363 3679 402 3747 F
392 3698 503 3761 ramat
514 3697 673 3772 practerea
696 3678 806 3750 verbis
832 3675 898 3747 iliis
915 3673 1057 3749 Strabo
1082 3673 1163 3770 etta)

131 3772 161 3841 Ji
182 3776 227 3870 {qi
249 3776 440 3868 ιαᾶθὰθμιι
461 3774 493 3854 ir
516 3784 594 3849 oio
615 3778 666 3873 <qi
688 3774 836 3861 βασίλειοι
857 3775 940 3874 teipsa
965 3780 1082 3858 mmet,
1107 3782 1167 3855 nic

38 3899 39 3902 ¹
127 3936 130 3941 ·
153 3892 513 3989 {Strahtihtmpsgmff
528 3905 713 3989 (pmii).
1225 3896 1229 3905 ¹
