2834 4659
473 382 517 435 ru
546 379 822 434 sismusinum.
1103 392 1176 459 557

124 493 158 552 in
177 482 255 550 colle
277 478 413 567 quodam
434 498 508 551 octo
533 478 665 561 millibus
684 474 819 541 distante
836 478 875 543 ad
895 483 1004 544 orient.
1023 482 1175 559 Melanis,

127 590 161 636 es
177 564 367 653 quatuor'ad
386 563 486 627 occid.
508 586 606 649 prom.
625 563 818 629 Karabumu.

127 644 130 651 ⁴
171 654 277 717 Potuit
300 672 412 715 nomeu
432 641 561 733 Ιςίζυρφ,
583 652 679 709 immo
697 652 800 731 potius
815 644 956 728 Kud't‘pru,
980 648 1071 731 quale
1087 650 1176 717 refert

129 762 218 805 cortu
240 755 271 799 te
288 753 411 809 noster,
433 754 537 796 ansam
554 731 715 816 praebuisse
731 729 901 793 formandae
919 737 1004 795 vocis
1022 733 1176 799 hodiernae

129 760 311 888 Karadumu
323 853 342 896 ,·
362 820 565 902 promontorii
594 818 735 901 proximi.
765 816 880 879 Forsan
909 839 1034 901 quoque
1062 842 1185 901 nomen¹

128 908 270 983 Mimos,
290 904 322 966 id
336 921 397 981 est,
417 903 509 984 Nigri
525 900 629 977 fluvii,
645 898 685 962 ad
697 902 835 963 vicinum
846 922 943 984 prom.
958 906 1091 979 transiit3
1104 927 1175 967 narn

129 992 213 1055 idem
233 1008 321 1053 sonat
337 987 530 1059 Carabumu,
551 1006 586 1047 ac
602 989 699 1068 prom.
718 984 859 1067 Nigrum.

179 1096 246 1159 192.
272 1066 440 1156 'Apulum
454 1063 536 1153 ruis]
559 1069 657 1148 Cujus
682 1072 789 1152 templi
812 1067 913 1129 nullus
933 1068 1011 1131 alius
1026 1076 1175 1135 meminit.
1192 1122 1210 1147 ,

132 1160 245 1224 Strabo
269 1156 373 1221 laudat
400 1156 444 1218 ibi
466 1156 618 1224 Miner-gur
633 1156 768 1233 fitnum,
795 1151 848 1214 sed
873 1151 959 1236 quod
979 1152 1068 1217 Sides
1095 1156 1177 1220 urbis

130 1266 199 1307 esse·
217 1247 269 1306 ait.
295 1242 411 1305 Noster
433 1256 540 1302 contra
560 1260 648 1299 suum
672 1239 788 1300 Diana
809 1236 949 1322 templum
969 1237 1083 1301 distans
1101 1239 1177 1303 facit

130 1351 151 1391 a
165 1326 290 1391 Melane
305 1346 324 1411 9
342 1323 462 1399 stadiis,
482 1338 513 1384 et
530 1320 639 1385 aSide
657 1340 695 1405 59
714 1320 819 1385 stadiis
835 1324 875 1383 ad
894 1321 1053 1385 orientem.
1077 1322 1179 1409 lnclyff

132 1429 198 1474 tum
211 1426 313 1474 autem
325 1425 389 1471 erat
403 1405 614 1490 juxtaPergen
628 1404 865 1482 Dianaefanum,
876 1410 962 1483 eujus
975 1411 1179 1471 meminerunt

134 1495 263 1571 Strabo,
282 1515 349 1579 pag.
369 1491 449 1577 983,
463 1488 511 1566 C,
532 1509 563 1553 et
590 1490 692 1567 Mela,
711 1508 743 1567 1,
767 1497 821 1571 14,
844 1488 898 1551 ubi
917 1489 982 1553 vid.
1005 1490 1178 1555 Tzschucl.

132 1597 198 1643 not.
214 1599 299 1661 exeg,
314 1600 344 1661 p.
360 1584 442 1661 4323
459 1578 559 1659 potuit
576 1575 636 1637 hoc
657 1590 793 1637 nostrum
806 1596 843 1637 ex
861 1574 959 1638 altero
973 1574 1016 1639 ob
1033 1581 1178 1640 viciniam

130 1682 233 1728 ortum
250 1684 349 1727 esse-a
535 1673 537 1677 ’
1025 1656 1031 1677 ‘

181 1764 248 1833 ¹93·
271 1746 376 1828 Vulgo
398 1742 539 1819 Missum
563 1742 621 1826 leg.
647 1736 788 1828 Minue]
812 1740 899 1805 Hod.
924 1744 1178 1831 Menegere-Su.

134 1832 264 1908 Strabo,
278 1854 309 1915 p.
323 1831 399 1917 984,
415 1834 504 1907 inin,
526 1828 686 1904 Zosimus,
702 1844 739 1905 v,
757 1831 812 1902 16,
827 1845 858 1890 et
870 1827 972 1904 Mela,
989 1848 1020 1907 1,
1040 1839 1096 1911 14,
1109 1833 1179 1895 Me·

112 1917 233 1979 vlunens
257 1933 376 2000 ponunt
392 1915 487 1977 laxius
503 1917 597 1995 juxta
618 1912 728 1986 Siden,
752 1911 793 1973 ad
815 1916 989 1990 orientem;
1015 1913 1178 1979 distantem

130 2000 243 2065 facita
262 1998 337 2067 Side
357 2016 459 2062 noster
496 2018 517 2061 0
535 1995 661 2073 stadiis3
687 2000 773 2079 atqui
798 1994 858 2059 hoc
880 1993 963 2062 idem
987 2000 1180 2064 intervallum

131 2108 204 2149 vere
221 2089 368 2168 reperitur
386 2104 404 2145 a
426 2018 585 2145 nideribus
612 2078 701 2143 Sides
723 2078 764 2141 ad
787 2083 867 2143 ostia
890 2079 980 2155 fluvii
999 2084 1180 2171 Meuavgut.

130 2170 260 2233 Lealrius
267 2215 278 2246 ,
299 2168 358 2231 loc.
371 2172 423 2232 eit.
434 2190 463 2252 p.
480 2164 547 2252 196.
1108 2198 1119 2227 u

177 2253 305 2316 Nullam
319 2255 482 2316 stationem
500 2246 642 2315 navalem
659 2247 765 2312 laudat
776 2264 885 2312 noster
899 2246 939 2310 ad
954 2252 1033 2313 ostia
1048 2250 1180 2317 Melanis

129 2338 239 2414 fluuii,
259 2358 351 2423 quem
371 2334 485 2408 mosis,
509 2334 725 2421 navigabilem,
744 2351 863 2396 tantum
878 2344 991 2409 uocas,
1011 2339 1097 2418 quasi
1113 2360 1180 2398 sur-

132 2422 201 2486 sum
222 2428 297 2487 navi
319 2420 439 2484 autibus
464 2423 634 2504 emporium
660 2418 788 2502 aliquod
809 2417 937 2482 obvium
959 2416 1046 2482 foret.
1070 2418 1182 2487 Strabo

134 2524 242 2571 contra
254 2492 287 2573 ξ’
320 2506 360 2566 'u‘
377 2502 474 2575 Μέλας
485 2499 615 2582 mugit,
634 2500 681 2586 gul
694 2495 813 2585 ὕφορμις.
833 2500 950 2582 Nescio
965 2523 1005 2565 an
1022 2508 1092 2566 satis
1109 2528 1182 2589 prae-
1250 2555 1252 2558 -

133 2609 258 2675 ruptum
267 2590 315 2653 ibi
330 2587 408 2653 foret
424 2589 513 2663 litus,
532 2604 567 2651 ut
586 2588 754 2667 subiaceret
776 2580 889 2671 ὕφορμας
905 2585 967 2665 (cf.
980 2586 1019 2649 ad
1031 2598 1059 2663 ς.
1072 2608 1088 2669 3
1103 2592 1115 2671 )
1133 2616 1141 2653 :
1156 2596 1182 2655 si
1245 2657 1249 2664 f

132 2694 236 2739 autem
249 2673 341 2739 fuerit
356 2674 487 2751 humile,
505 2671 668 2755 legendum
680 2670 780 2758 forsan
791 2670 874 2755 apud
893 2670 994 2734 Strab.
1010 2665 1160 2761 ῂέφορμος.
1219 2737 1223 2746 ,

176 2753 267 2822 Σπίδὶ
285 2750 369 2843 Ν]
390 2757 480 2821 Plura
497 2779 589 2840 quam
606 2753 689 2842 405'0
702 2744 857 2836 sigillatim
876 2776 977 2819 noster
1001 2764 1181 2826 numeravit.

181 2851 250 2929 ¹94·
272 2852 432 2905 uornou
445 2841 690 2925 nesiorum]
706 2839 759 2903 Cf.
773 2839 860 2903 Praef.
875 2843 907 2902 in
918 2838 1045 2904 stadius.
1062 2852 1091 2917 s.
1103 2861 1181 2921 xix,

131 2926 380 3075 pafflzllstzo

251 3017 341 3076 variis
366 3010 552 3094 Pamphyliae
568 3026 599 3074 et
622 3007 745 3073 Ciliciae
762 3012 898 3072 terminis
916 3007 982 3071 dixi
999 3008 1040 3071 ad
1059 3008 1180 3095 Scylac.

131 3118 164 3182 p.
178 3096 238 3176 483
249 3142 258 3171 ,
268 3087 335 3159 'uec
350 3117 399 3159 me
414 3094 510 3179 pudet
527 3094 637 3171 horum
656 3092 804 3157 nonnulla
821 3092 994 3158 emendare.
1006 3094 1103 3158 Haud
1114 3120 1181 3181 per:
1286 3125 1289 3131 ·

131 3202 260 3264 peram,
282 3183 314 3244 ni
333 3177 445 3256 fallor,
468 3182 586 3259 conjeci
610 3177 822 3263 Pamphyliam
843 3179 1141 3264 Hecataeiincipere
1164 3206 1184 3245 a

133 3263 281 3347 Nagido,
298 3263 332 3327 id
350 3282 409 3339 est,
422 3259 522 3327 forsan
541 3262 581 3325 ab
592 3262 764 3325 Anemurio
778 3284 874 3346 prom.
883 3308 892 3337 ,
904 3280 935 3326 et
949 3263 1038 3344 hujus
1050 3270 1181 3348 regionis
1226 3282 1232 3294 '

130 3353 299 3413 terminum
314 3346 537 3413 occidentalem
555 3369 617 3411 esse
630 3347 789 3410 Melanem
805 3346 936 3410 fluvium
952 3347 1034 3432 apud
1055 3348 1182 3419 Strabo·¹

131 3456 222 3508 nem,
233 3452 264 3497 et
276 3432 482 3497 Stadiasmum
489 3455 498 3506 ;
510 3430 635 3497 sednon
647 3430 779 3512 adjicere
787 3430 960 3495 debuissem
974 3432 1181 3513 Ptolemaeum,

128 3522 244 3604 quippe
255 3522 309 3601 qui
322 3518 371 3581 vel
390 3517 538 3601 Syedram
553 3520 584 3579 in
598 3516 778 3601 Pamphylia
795 3515 943 3579 includat.
964 3516 998 3577 N
1001 3540 1035 3580 ec
1055 3540 1104 3580 me
1118 3511 1182 3602 poe-J
1278 3541 1286 3559 ·

130 3606 213 3665 nitet
233 3600 369 3684 Scylacis
389 3602 598 3685 Pamphyliam
618 3623 637 3664 a
653 3603 796 3679 Melane,
814 3604 870 3665 etsi
890 3604 1018 3678 omisso,
1037 3604 1183 3685 incipien-

131 3705 197 3751 tem
220 3683 336 3765 facere,
353 3691 385 3749 in
402 3708 469 3832 guo
491 3684 638 3749 Straboni
655 3702 686 3749 et
706 3684 881 3749 Stadiasmo
903 3685 1032 3771 praefisit.
1062 3686 1182 3751 Notavi

132 3771 216 3835 lranc
230 3775 386 3859 regionem
429 3772 567 3853 omponii
582 3790 648 3832 aevo
664 3775 718 3851 (a)
736 3774 846 3833 itemm
863 3770 984 3835 duxisse
1001 3774 1122 3832 initium
1142 3772 1183 3843 ab

160 3912 205 3965 (a)
213 3912 278 3955 llam
293 3911 404 3965 legendum
416 3919 446 3951 est
461 3910 490 3950 lbi
500 3908 538 3950 lin.
548 3908 575 3951 28
592 3925 598 3951 s
617 3908 642 3953 ab
656 3908 765 3955 Anemurio
769 3938 776 3958 ,
799 3907 845 3952 hm
858 3893 919 3952 Mela
933 3910 1001 3952 unm
1007 3924 1016 3959 ‚·
1031 3919 1051 3951 et
1063 3923 1111 3952 mox
1126 3927 1132 3953 ε
1147 3915 1182 3969 qui

130 3968 209 4029 ridetur
217 3969 340 4012 Coracesium
348 3980 392 4017 sum
401 3968 554 4011 Ptolemae...
602 4004 605 4009 ,
1113 3988 1117 3994 .
